4814 6104
1255 529 1500 580 -vr—

495 735 566 789 ram
593 731 678 788 esse
702 708 931 806 antiquiorem
962 715 1093 800 nostra,
1119 705 1247 807 quippe
1271 705 1377 780 turris
1401 704 1646 805 Babylonicae
1670 717 1826 808 tempore
1838 707 2002 784 usitatam
2027 703 2178 806 ideoque
2205 729 2284 806 ge-
2393 703 2394 776 l

500 861 649 938 nuinam.
703 857 772 936 Sin
797 858 911 935 series
936 857 1110 934 literarum
1137 863 1360 932 cuneatarum
1385 856 1535 932 refertur
1558 856 1605 931 ad
1634 857 1909 960 Neopersicam,
1941 856 2071 957 optime
2099 858 2281 958 intelligi-

497 1023 552 1088 tur
585 1009 827 1112 pronunciatio
860 1009 1034 1084 literarum
1067 1015 1299 1084 cruentarum.
1361 1006 1429 1084 Sic
1465 1007 1568 1084 nobis
1601 1006 1760 1106 contigit,
1799 1009 1929 1108 aliquot
1965 1008 2097 1102 literas,
2129 1033 2279 1107 quarum

499 1163 579 1240 soni
611 1161 687 1238 erui
715 1182 785 1234 non
825 1167 996 1260 poterant,
1040 1157 1207 1257 definire3
1249 1158 1392 1234 aliarum
1440 1157 1758 1258 pronunciationem
1791 1159 1989 1258 corrigere,
2028 1159 2178 1250 omnirro,
2213 1160 2280 1234 rbi

498 1308 704 1402 carerent,
751 1308 921 1409 Burnonf,
964 1309 1109 1385 [tasson
1151 1307 1281 1406 aliique
1325 1307 1548 1402 dissentiunt,
1592 1332 1715 1385 rerum
1770 1309 1939 1386 inuenire.
2017 1308 2204 1386 Zeutlioac
2242 1321 2284 1384 ct

501 1463 693 1540 Pelrluicae
745 1461 939 1563 scripturae
984 1462 1149 1562 probatur
1211 1459 1333 1534 literas
1380 1481 1465 1534 esse
1512 1459 1549 1534 in
1595 1459 1797 1536 uniuersum
1842 1459 2100 1562 Neopersicas,
2133 1459 2278 1557 antiqua
2393 1417 2394 1468 i

501 1616 637 1691 ratione
664 1613 828 1715 scriptas.
880 1613 1042 1710 Vtraque
1075 1609 1261 1712 alphabeta
1293 1634 1380 1686 sane
1412 1609 1501 1685 solis
1525 1607 1576 1682 38
1600 1608 1716 1686 literis
1739 1621 1915 1709 constant,
1947 1610 2104 1685 nimirum
2129 1611 2178 1684 25
2210 1636 2281 1686 an-
2393 1647 2394 1698 t

500 1767 608 1865 tiquis
634 1762 816 1862 atque13
847 1763 951 1840 nouis
992 1761 1196 1840 diacmficis.
1247 1761 1344 1838 lline
1375 1761 1442 1836 iam
1472 1759 1632 1837 valemus
1662 1761 1810 1859 queeuis
1840 1762 2013 1838 vocabule
2044 1759 2208 1838 zmnioa
2239 1771 2280 1837 et

501 1916 684 2008 Pehlnica,
710 1913 821 2014 quid‘l
847 1913 940 2013 quod
964 1915 1073 1992 libros
1097 1916 1269 1994 Persicos
1294 1936 1416 1990 omnes
1440 1910 1555 1988 literis
1585 1909 1824 2014 Neopersicis
1855 1910 2079 2010 describere3
2104 1911 2187 1990 hinc
2212 1937 2279 1988 cu·

502 2067 701 2146 neoformes
725 2065 976 2168 inscriptiones
1001 2066 1101 2144 sonis
1126 2064 1286 2144 Persicis
1310 2073 1349 2142 et
1371 2061 1610 2164 Neopersicis
1643 2062 1851 2166 exprimere.
1902 2062 1982 2152 Quo
2006 2063 2145 2138 multrrm
2178 2065 2282 2141 iuua-

502 2222 532 2295 ri
557 2219 697 2296 videtur
728 2217 852 2320 partim
882 2218 1054 2296 Persicae
1086 2219 1299 2315 literaturae,
1331 2215 1455 2318 partim
1486 2223 1712 2290 cuneatarum
1735 2213 1999 2315 inscriptionum
2025 2215 2278 2316 interpretatio.

503 2370 608 2462 Quod
634 2367 793 2446 Indicum
825 2369 1044 2470 alphabetum
1077 2369 1213 2462 attinet,
1245 2366 1402 2460 docetur,
1428 2366 1551 2442 literas
1576 2364 1818 2444 Senseritioas
1842 2389 1927 2443 esee
1953 2391 2068 2442 meras
2093 2367 2281 2444 Zentlicas

503 2529 540 2595 et
565 2519 768 2613 Pehluioas,
800 2529 1004 2597 hsnsnerse
1035 2521 1198 2623 scriptas,
1231 2544 1309 2600 cum
1341 2517 1534 2595 diecritieis
1566 2517 1743 2594 nonnullis
1774 2517 2040 2595 recentioribus.
2090 2519 2187 2595 Hinc
2211 2520 2282 2595 iam

503 2671 609 2749 facile
635 2673 712 2770 erit,
738 2672 912 2750 vocabula
936 2669 1070 2765 Indica,
1095 2672 1273 2771 neglectis
1297 2671 1402 2772 plane
1433 2669 1610 2746 literanum
1643 2668 1743 2744 souis
1775 2667 1968 2761 hodiernis,
1999 2670 2198 2771 exprimere
2236 2670 2284 2744 ti-

506 2822 594 2898 teris
618 2822 791 2920 Persicis,
821 2823 1066 2925 Neopersicis,
1101 2823 1391 2915 cuneosormibus,
1424 2819 1525 2919 aliis3
1558 2843 1736 2918 versaque
1768 2820 1862 2896 vice.
1920 2819 2025 2911 Quod
2057 2821 2281 2896 utilissimum

506 2973 648 3050 videtur
672 2974 796 3074 partim
820 2974 867 3049 ad
898 2974 1218 3076 interpretationem
1243 2973 1453 3076 scriptorum
1478 2969 1727 3064 Zendicornm,
1753 2967 2000 3048 Pehlnicorum
2031 2981 2067 3048 ct
2091 2973 2282 3048 cuneofor-

506 3125 619 3222 mium,
646 3125 771 3221 quibus
794 3124 917 3224 lingua
946 3123 1069 3202 ludica
1100 3125 1290 3228 praecipue
1322 3125 1464 3217 subest,
1494 3122 1619 3224 partim
1660 3120 1707 3198 ad
1740 3094 1989 3224 etymologiam
2020 3147 2152 3214 sanam,
2185 3121 2284 3197 vnde

506 3273 636 3376 pemlet
661 3275 820 3352 subtilior
846 3276 1040 3376 lingrmrum
1066 3275 1233 3376 cognitio.
1284 3275 1447 3373 Denique
1472 3295 1523 3350 cx
1553 3271 1797 3350 conuenientia
1828 3281 1882 3349 tot
1906 3273 2177 3375 alphabetorum,
2202 3274 2285 3348 Ae-
2393 3313 2394 3388 q

507 3425 669 3527 gyptiaci
693 3425 927 3522 antiquissimi
962 3450 1041 3503 oum
1081 3425 1273 3520 Hebraico,
1312 3424 1521 3516 Chaldaico,
1557 3422 1850 3514 crmeosormibus,
1887 3425 2066 3516 Zendioo,
2096 3423 2286 3517 Pehlnico,

507 3573 644 3668 Indico,
669 3573 903 3668 Samaritano,
930 3574 1097 3675 Syriaco,
1122 3574 1291 3668 Arabico,
1318 3576 1471 3674 Graeco,
1497 3571 1628 3649 Latino
1653 3574 1800 3674 aliisque
1824 3575 2004 3678 permultis
2029 3575 2189 3678 profecto
2208 3576 2288 3652 ool-

509 3727 641 3828 ligitnr‚
672 3727 754 3824 uon}
779 3725 901 3802 varios
924 3724 1085 3802 homines
1117 3725 1228 3800 variis
1241 3726 1455 3828 temporibus
1476 3727 1638 3825 serisque
1659 3726 1841 3804 inuenisse
1851 3725 2053 3830 ,alphabeta
2085 3728 2159 3803 lmo
2183 3747 2286 3825 quum

511 3877 766 3954 diuersissimis
790 3878 828 3952 in
851 3876 958 3953 terris
984 3876 1173 3976 antiquitus
1199 3876 1385 3979 alphabeta
1409 3877 1637 3979 reperiautm,
1663 3901 1753 3978 quae
1776 3879 1868 3955 iuter
1892 3901 1936 3956 se
1961 3878 2184 3956 consentient
2210 3875 2286 3980 pri-

510 4030 577 4106 mis
603 4029 653 4104 25
678 4028 804 4122 literis,
829 4026 964 4121 ordine,
995 4028 1109 4128 figura
1134 4038 1171 4107 et
1202 4028 1509 4132 pronunciatione3
1542 4053 1587 4106 eo
1620 4030 1758 4104 multum
1785 4029 1982 4106 confirmari
2014 4027 2166 4117 videtur,
2192 4026 2285 4125 quod
2393 3999 2394 4092 i

511 4189 654 4256 veteres
679 4179 824 4256 disertis
849 4179 972 4258 verbis
995 4177 1224 4274 tradiderunt,
1248 4178 1411 4280 quodque
1441 4205 1509 4258 uos
1538 4189 1622 4257 auto
1653 4179 1722 4256 hos
1753 4180 1902 4278 quinque
1933 4203 2046 4256 anuos
2070 4176 2290 4254 mathemati-

512 4332 567 4406 cis
592 4330 782 4408 rationibns
807 4329 1133 4424 demonstrauimus,
1157 4329 1377 4433 alphabetum
1403 4332 1592 4432 genuinum
1624 4329 1886 4424 aNoachidis,
1912 4331 2087 4406 variarum
2112 4329 2290 4406 nationum
2393 4375 2394 4392 Ν

513 4480 669 4584 proauis,
708 4481 821 4582 repeti
853 4481 995 4560 debere.
1059 4480 1174 4561 Cuius
1216 4483 1414 4560 sententiae
1455 4483 1493 4559 iu
1534 4482 1694 4582 gratiam,
1734 4490 1813 4558 vtut
1840 4479 1888 4558 rle
1928 4505 1973 4558 ea
2012 4480 2091 4558 sine
2131 4479 2290 4580 maligni,
2393 4437 2394 4460 Ν

512 4633 591 4709 siue
627 4631 820 4710 imbecilles
843 4632 948 4708 animi
970 4631 1212 4726 iudicauerint,
1237 4643 1442 4734 argumenta
1464 4634 1613 4732 locaque
1636 4631 1817 4735 probantis
1848 4655 1940 4710 noua
1971 4631 2157 4709 attulimus.
2208 4630 2293 4706 Vo-
2393 4693 2394 4696 a

514 4782 725 4861 cabularium
749 4783 1013 4886 Aegyptiacum
1038 4783 1237 4862 adiunctum
1262 4786 1417 4862 eontinet
1441 4785 1573 4883 aliquot
1604 4785 1782 4862 centurias
1821 4785 1997 4862 literarum
2027 4791 2065 4861 et
2095 4781 2292 4860 vocabulo-

515 4961 589 5012 rum
614 4935 897 5038 hieroglyphice,
924 4935 1093 5014 hieratice
1117 4948 1154 5012 ot
1178 4937 1352 5015 demotice
1377 4935 1595 5037 scriptorum,
1628 4936 1752 5037 partim
1785 4959 1964 5030 nouorum,
1998 4936 2122 5038 partim
2155 4933 2293 5010 rectius
2393 4937 2394 5008 t
