4774 6104
890 636 1145 716 ...59-

281 845 379 914 lianc
399 843 567 913 literarum
583 839 856 952 ifeopemimmm
866 858 939 909 cum
960 840 1215 910 cuneoiormibus
1229 842 1501 928 comparutionem
1521 861 1586 913 non
1607 844 1898 920 esseorbitruriam

128 979 168 1030 oc
190 967 386 1050 proteruom,
407 961 530 1030 duobus
551 957 664 1028 verbis
684 957 908 1028 demonstr-ure
930 959 1018 1028 licet
1087 957 1135 1026 lit
1156 959 1258 1046 primo
1280 957 1408 1045 quidem
1429 961 1543 1052 claret,
1563 962 1658 1048 ιμ’,
1679 983 1774 1052 quum
1795 970 1898 1054 prtmu

127 1080 176 1147 sit
191 1080 314 1168 primae
328 1078 446 1146 elassis
460 1077 565 1166 litera,
575 1074 757 1164 comparari
770 1074 891 1145 debere
902 1095 974 1144 eum
984 1077 1090 1165 primo
1106 1076 1202 1144 litero
1222 1075 1256 1140 N
1258 1077 1439 1166 eopersica,
1459 1079 1579 1168 quippe
1600 1069 1713 1144 iau-tt.
1764 1079 1896 1152 Deinde

125 1215 195 1264 non
215 1196 369 1265 obsonum
390 1195 506 1262 luisset
526 1214 548 1261 a
567 1193 666 1268 litere
686 1193 881 1261 cuneoiormi
904 1193 939 1260 e.
961 1211 1102 1280 pergere
1114 1192 1157 1260 ad
1183 1190 1245 1258 13.
1266 1193 1314 1260 At
1334 1191 1499 1280 alphabeti
1513 1201 1628 1263 auctor
1643 1195 1788 1267 ordinum
1801 1202 1896 1269 trium
1968 1253 1974 1263 .

126 1312 246 1380 literas
266 1311 541 1400 comprehendere
563 1310 686 1398 maluit,
705 1308 752 1376 itu
773 1317 811 1377 vt
831 1311 873 1378 ab
895 1343 938 1378 μ
966 1307 1009 1376 ad
1030 1310 1074 1377 t
1103 1313 1139 1375 et
1165 1293 1224 1394 ξ,
1247 1307 1321 1375 binc
1341 1307 1384 1376 ad
1406 1311 1583 1380 secundom
1610 1312 1751 1382 classem
1771 1335 1896 1403 perge-

126 1435 182 1496 ret
204 1435 238 1497 et
259 1429 308 1497 sio
328 1448 425 1516 porro
446 1446 553 1518 usque
574 1427 617 1496 od
638 1427 764 1495 initium
783 1427 977 1514 systematis
997 1424 1144 1492 secundi.
1188 1425 1309 1492 Tribus
1328 1425 1397 1492 illis
1416 1428 1451 1493 iu
1472 1428 1638 1497 ordinibus
1658 1449 1808 1500 numeros
1833 1432 1896 1524 ta,

126 1544 212 1614 Set
234 1543 258 1612 3
282 1546 457 1614 Persarum
478 1551 721 1633 sacrosanctos,
740 1538 861 1631 quippe
880 1542 1049 1612 duodecim
1079 1540 1144 1609 diis
1174 1541 1366 1629 maioribus,
1395 1549 1469 1611 octo
1498 1544 1627 1612 Gabinis
1654 1553 1754 1634 atque
1780 1548 1895 1617 Trindi

125 1663 289 1732 autbodi
315 1664 555 1752 respondentes
583 1660 761 1745 contineri,
790 1678 892 1748 snpra
917 1658 1047 1727 dictum.
1112 1657 1206 1742 Quot
1228 1660 1365 1729 alterum
1385 1661 1505 1729 attinet
1525 1668 1683 1754 systema,
1702 1662 1819 1731 literas
1843 1665 1894 1733 13

125 1779 313 1849 discriticos
334 1781 517 1868 continens,
537 1783 652 1845 auctor
670 1777 712 1844 ob
732 1776 848 1845 vltimn
877 1775 974 1842 libera
1000 1776 1195 1845 cuneoiormi
1224 1777 1267 1844 ad
1288 1779 1423 1865 primum
1451 1777 1632 1846 adscendit
1675 1779 1813 1848 Scilicet
1844 1766 1893 1864 Π,

123 1897 226 1984 plane
256 1898 408 1985 opposita
433 1900 486 1962 est
512 1894 608 1962 litera
630 1894 734 1982 »ῖς
762 1911 862 1981 quaro
881 1893 1049 1962 literanum
1070 1892 1311 1962 discriticurum
1331 1895 1439 1964 series
1460 1896 1623 1964 contrario
1643 1895 1737 1965 modo
1759 1915 1894 1986 compa-

123 2016 193 2082 rari
213 2015 314 2082 debet
333 2011 604 2081 cuneoiormibus.
646 2009 764 2098 ltaque
784 2010 890 2078 altero
910 2010 945 2078 in
965 2016 1149 2099 systemate
1177 2011 1447 2100 progrediendum
1475 2013 1516 2080 ab
1538 1997 1598 2098 Πι-
1614 2013 1658 2081 od
1685 2011 1812 2082 literam
1834 2033 1895 2082 sn·

123 2132 287 2218 perierem
308 2131 496 2220 proximem,
516 2128 590 2196 bine
610 2127 654 2196 od
676 2128 843 2196 sinistm
863 2129 1043 2215 proximam
1063 2134 1099 2197 et
1119 2129 1169 2195 sie
1189 2147 1287 2216 porro
1308 2149 1369 2216 per
1390 2128 1522 2198 ordines
1544 2130 1651 2197 datos.
1724 2128 1830 2213 Quem
1850 2131 1892 2198 od

123 2247 254 2318 modum
267 2249 388 2317 literae
398 2246 493 2336 primi
504 2245 697 2333 ystemutis
713 2252 856 2334 pergunt
869 2263 893 2314 ι
905 2246 1041 2314 sinistra
1058 2243 1105 2316 etl
1118 2244 1281 2336 dextrum,
1291 2246 1339 2314 ito
1351 2245 1386 2315 in
1406 2245 1512 2316 altero
1525 2251 1710 2334 systemate
1731 2265 1752 2314 a
1773 2239 1903 2316 deutra¹

124 2366 293 2434 anubem
314 2383 444 2434 versus.

278 2481 429 2571 Denique
448 2501 507 2570 pro
528 2457 642 2549 nostra
661 2479 829 2548 literarum
849 2479 1123 2568 Neopersicanum
1143 2499 1214 2547 cnm
1240 2476 1499 2548 cuneoiormibus
1525 2482 1765 2568 comparatione
1785 2481 1893 2569 ioqui-

123 2607 179 2668 tur
199 2619 256 2669 res
283 2599 368 2686 ipsa.
430 2599 582 2688 Apparet
609 2600 714 2685 euim,
742 2595 838 2663 tribui
864 2597 972 2666 literis
993 2597 1252 2667 cuneoiormibus
1283 2616 1384 2665 sonos
1413 2615 1483 2686 eos,
1505 2617 1586 2684 quos
1607 2598 1691 2685 ipsis
1712 2599 1894 2666 tribuerunt

123 2717 367 2786 lucubrationes
388 2714 593 2805 Groteiendi,
614 2712 744 2802 Raetii,
763 2712 914 2801 Mentori,
936 2715 990 2784 St.
1012 2715 1165 2798 Martinii,
1186 2713 1363 2796 Bnruootii,
1377 2713 1544 2804 Lassenii,
1565 2716 1694 2804 Beerii3
1714 2715 1745 2783 si
1766 2734 1787 2783 a
1807 2735 1892 2806 pou-

124 2833 269 2902 cissimis
298 2831 506 2898 discesseris.
569 2829 646 2896 Nou
674 2834 752 2896 eunt
779 2830 864 2898 enim
890 2832 954 2899 uisi
982 2832 1068 2901 duae
1096 2832 1226 2919 literae,
1248 2832 1279 2898 ai
1299 2849 1414 2900 verum
1433 2828 1544 2900 dicere
1564 2833 1653 2921 licet,
1674 2851 1757 2922 quus
1778 2840 1892 2902 nostro
1921 2883 1925 2892 .

124 2949 318 3018 combinatio
339 2947 436 3015 aliter
456 2947 671 3035 pronunciare
691 2945 812 3035 lubeat,
824 2965 919 3033 quom
932 2947 998 3034 illi3
1019 2949 1167 3015 nimirum
1187 2931 1360 3033 Ξ<νπ
1373 2981 1415 3038 0⁶
1443 2955 1466 3010 ῦ
1490 2953 1590 3035 etque
1615 2933 1691 3033 K:
1710 2969 1763 3003 =
1785 2951 1825 3017 ό
1857 2957 1891 3032 e,

123 3084 209 3156 qnos
228 3063 275 3132 illi
292 3063 340 3151 olo
359 3070 397 3132 et
416 3083 449 3130 m
468 3059 732 3152 pronunciantes
752 3067 915 3148 poterunt
937 3061 992 3130 lle
1012 3064 1146 3151 reliquis
1166 3064 1273 3131 literis
1293 3062 1550 3130 cuneoiormibns
1567 3063 1682 3131 decem
1701 3073 1790 3153 snut,
1807 3082 1891 3152 quoae

123 3203 192 3252 uon
212 3182 259 3252 ito
278 3183 410 3251 multum
432 3183 529 3252 aliter
550 3179 814 3268 pronuncieotur.
856 3179 1013 3246 Nimirum
1033 3177 1190 3269 Bumoui,
1217 3181 1348 3247 Lassen
1374 3177 1494 3265 aliique
1523 3177 1566 3245 ad
1598 3197 1700 3246 sonos
1726 3181 1891 3250 literorum

122 3301 371 3369 cuneoiormium
392 3299 553 3368 eruendos
573 3297 787 3366 adhibuerunt
805 3296 921 3365 literne
941 3295 1119 3378 zendieas,
1141 3315 1274 3386 quarum
1294 3295 1337 3367 de
1357 3293 1624 3382 pronunciatione
1645 3295 1785 3363 nondum
1805 3297 1891 3365 sutis

122 3422 267 3506 eonem,
287 3423 384 3504 atque
404 3416 638 3497 subscritione,
659 3433 790 3504 quorum
811 3419 961 3502 potestas
984 3419 1033 3481 tot
1045 3414 1195 3482 saeculis
1217 3419 1370 3480 constare
1391 3409 1454 3477 eibi
1474 3429 1538 3477 uon
1559 3411 1674 3497 potnit.
1717 3412 1804 3481 Hine
1827 3415 1891 3482 mi-

122 3535 192 3605 rari
212 3552 276 3603 non
296 3534 384 3624 licet,
405 3553 489 3603 none
510 3534 633 3603 rectius
653 3531 860 3619 pronunciari
880 3548 981 3618 posse
1002 3530 1117 3596 literas
1137 3528 1340 3614 potissimum
1362 3532 1561 3613 sequentes:

626 3682 699 3782 ›l‹
726 3713 767 3754 =
805 3703 829 3758 a
857 3683 888 3779 t,
920 3684 1006 3775 qood
1031 3685 1213 3754 habuerunt
1238 3704 1298 3773 pro
1320 3677 1366 3752 ’h.

1242 3869 1264 3887 ·
1314 3834 1365 3903 ds.

1244 4019 1265 4036 -
1315 3983 1366 4054 sb.

1240 4167 1262 4185 .
1310 4154 1345 4220 g,

1236 4319 1256 4336 -
1307 4281 1389 4352 teob.

1234 4470 1254 4486 -
1305 4431 1360 4501 db.

1231 4619 1250 4636 ·
1300 4582 1333 4652 d.

1231 4770 1253 4788 .
1303 4755 1335 4829 ς,

1231 4921 1251 4938 -
1300 4891 1327 4953 t.
