4774 6104
1266 571 1519 652 ...ιο-

507 779 570 850 sibi
591 779 784 850 creaueriut
829 775 1087 867 Chumpolliouis
1106 775 1236 864 quidem
1258 793 1278 846 e
1299 775 1467 846 sententia
1487 793 1583 845 nemo
1604 774 1701 846 lacile
1722 775 1916 864 explicuerit
1937 773 2034 844 talem
2056 773 2282 865 hieroglyphi-

505 919 616 968 connu
635 899 887 985 ambiguitatem.
939 895 1075 965 Dixeris
1096 893 1244 985 quidem,
1264 911 1295 962 v.
1317 916 1348 982 g.
1370 894 1407 966 Ο
1428 893 1635 982 significasse
1656 894 1826 962 uoumudo
1849 894 1953 960 solem
1980 901 2051 986 pa,
2079 895 2141 961 sed
2171 895 2284 986 etiam,

506 1037 601 1106 quum
622 1015 659 1088 0
679 1016 762 1084 alias
783 1017 806 1102 l,
824 1035 860 1104 p,
882 1039 903 1096 η
924 1013 1094 1100 exprimet,
1114 1031 1171 1080 res
1191 1013 1429 1104 alias,quaru1u
1444 1013 1574 1082 uomina
1589 1011 1679 1079 bisa
1698 1012 1804 1080 literis
1819 1010 1984 1097 incipiunt
2027 1013 2076 1079 At
2091 1031 2152 1080 sua
2162 1024 2283 1100 sponte

506 1136 621 1222 claret,
642 1129 896 1220 champolliouis
916 1135 1065 1219 systema
1087 1149 1251 1214 corruere,
1278 1133 1308 1198 ui
1339 1133 1439 1200 liceat
1469 1129 1716 1217 hieroglyphicu
1743 1127 1869 1197 cuidam
1896 1127 2072 1216 quemlibet
2101 1131 2282 1199 attribuere

506 1251 730 1339 significatum.
775 1245 900 1318 Contra
919 1248 1114 1336 ambiguitas
1135 1248 1448 1337 hieroglyphicurum
1469 1254 1584 1316 nostra
1612 1267 1677 1316 uuu
1705 1248 1809 1316 solum
1835 1246 1938 1316 certis
1964 1247 2093 1334 legibus
2121 1248 2281 1316 adstricta

506 1375 655 1458 apparet,
677 1367 739 1434 sed
760 1368 857 1434 eliam
878 1371 1028 1435 veterum
1050 1365 1277 1434 traditionibus
1297 1367 1426 1460 sutrim,
1446 1367 1570 1454 dequo
1591 1366 1676 1433 iufra
1697 1364 1811 1432 insius.

656 1484 817 1552 Nimirum
838 1492 937 1552 vetus
958 1485 1090 1552 traditio
1112 1491 1167 1553 est
1187 1483 1272 1572 apud
1295 1485 1439 1574 Arabes,
1458 1484 1666 1573 alphabetum
1693 1481 1953 1552 Pharaobuicum
1979 1483 2145 1572 antiquum
2173 1487 2281 1554 cunti-

505 1606 619 1674 nnisse
640 1601 841 1670 solummodo
862 1608 991 1690 septem
1015 1603 1147 1690 literas,
1173 1622 1305 1691 quarum
1335 1603 1470 1690 praemis
1497 1601 1603 1668 tribus
1624 1601 1730 1688 siguis
1751 1601 1996 1688 exprimeretur.
2047 1599 2174 1670 Eodem
2204 1604 2283 1672 tacit

504 1723 635 1810 mythus
657 1719 700 1788 de
723 1717 859 1810 Cadmo,
880 1721 934 1808 qui
954 1719 1134 1788 exercitum
1155 1739 1177 1788 e
1197 1719 1350 1788 dentibus
1372 1718 1524 1788 maeonis
1553 1711 1739 1812 (zodiaci)
1768 1718 1933 1808 babuerit,
1963 1719 2102 1787 diuortio
2133 1721 2219 1788 lucto
2241 1721 2283 1790 ad

504 1840 646 1928 quinque
667 1839 787 1906 heroes
808 1837 1022 1927 deminutum,
1042 1839 1230 1926 quibuscum
1251 1835 1393 1906 Cadmus
1415 1843 1450 1906 et
1476 1836 1668 1925 Hermione,
1701 1855 1781 1924 ergo
1803 1844 1932 1924 septem
1954 1836 2085 1904 diuinae
2106 1855 2282 1929 personae,

506 1955 641 2032 Thebas
663 1951 871 2046 (sapientiae
893 1950 1115 2047 palaestram)
1137 1953 1352 2024 condiderint
1376 1953 1469 2038 Quae
1491 1953 1685 2022 traditiones
1706 1955 1893 2024 concinnari
1921 1960 2087 2041 nequeunt
2115 1973 2186 2022 cum
2208 1963 2279 2023 tra-

417 2051 426 2071 ‘
505 2075 639 2161 ditione,
660 2071 867 2159 alphabetum
889 2073 1086 2159 Aegyptium
1108 2071 1161 2139 tto
1184 2073 1290 2140 literis
1310 2073 1522 2166 constitisse,
1542 2073 1573 2139 si
1599 2091 1665 2142 nou
1687 2077 1860 2153 statuatur,
1881 2071 1995 2139 literas
2015 2072 2203 2160 Aegyptias
2226 2071 2277 2140 tu

505 2191 684 2282 antiquitus
699 2189 823 2259 diuisas
843 2191 947 2258 tuisse
966 2197 1095 2278 septem
1110 2191 1144 2258 iu
1168 2191 1309 2281 classes,
1326 2190 1476 2286 exemplo
1487 2189 1690 2279 planetarum
1701 2195 1844 2282 reptem3
1862 2194 1960 2278 atque
1977 2189 2104 2260 literam
2122 2211 2278 2280 quamque

502 2309 616 2379 varios
637 2327 738 2379 sunus
759 2309 981 2398 expressisse,
1002 2310 1110 2387 eidem
1131 2308 1286 2395 planetae
1306 2309 1483 2380 subiectos.

654 2425 842 2512 Ruguueris
862 2444 956 2514 sane,
979 2444 1074 2512 quam
1095 2425 1136 2492 ub
1157 2443 1289 2493 musam
1310 2425 1467 2522 Aegyptii
1489 2426 1574 2495 adeo
1595 2427 1762 2498 literarum
1783 2424 2051 2514 perspicuitatem
2077 2427 2276 2494 obscurabe-

502 2543 587 2636 riut3
608 2541 686 2630 quid
706 2559 788 2609 vero
810 2542 1077 2640 respondeamus,
1097 2542 1157 2608 vix
1178 2540 1346 2632 babemus,
1367 2549 1500 2630 praeter
1520 2561 1589 2614 rem
1609 2545 1726 2633 ipsam.
1776 2547 1868 2611 Vero
1896 2543 2091 2612 simillimum
2112 2551 2183 2632 est,
2205 2545 2275 2612 Ae-

502 2661 637 2754 gyptios
659 2659 700 2728 de
723 2659 858 2730 consiliu
879 2659 1082 2740 literaturam
1104 2660 1310 2740 obscurasse.
1351 2656 1480 2727 Saltem
1501 2659 1576 2728 binc
1597 2661 1791 2748 explicatur,
1811 2660 1895 2748 quud
1918 2661 2081 2748 scriptura
2110 2661 2274 2749 Aegypti-

503 2797 563 2845 oca
585 2801 698 2866 γραφη
719 2779 929 2864 ιέρογλυᾳικη
950 2784 1072 2858 vocata
1097 2777 1213 2865 luerit3
1241 2775 1325 2865 quod
1352 2777 1385 2845 iu
1411 2797 1507 2845 vsnm
1536 2779 1706 2865 vulgarem
1733 2798 1850 2846 nouam
1880 2781 2073 2868 scripturum
2101 2781 2273 2862 ὃημοτικην

502 2893 680 2962 faciliorem
701 2893 902 2986 inueneriut3
924 2896 1010 2983 quod
1030 2895 1123 2983 puerl
1142 2873 1278 2984 primum
1299 2893 1493 2984 demoticas,
1522 2894 1597 2963 hinc
1619 2894 1814 2985 hieraticas,
1843 2895 1985 2985 deniqne
2011 2897 2275 2984 hieroglyphicas

502 3013 717 3080 tructaueriut
737 3012 867 3102 literas,
888 3032 970 3100 quus
991 3015 1054 3081 suli
1075 2987 1269 3081 sacerdotes
1291 3018 1424 3081 secrete
1445 3015 1493 3096 (ἐν
1513 3009 1723 3100 ἀπορῥητοις)
1746 3013 1943 3082 didicissent
1952 3011 2017 3107 ⁸³).
2067 3015 2151 3081 Hinc
2179 3021 2273 3081 recte

501 3127 653 3195 dixerunt
675 3123 812 3198 Cosmus
833 3129 949 3216 ludio,
968 3129 1222 3219 hieroglyphice
1243 3147 1314 3198 nort
1333 3147 1409 3198 crte
1430 3133 1547 3198 literne
1565 3133 1716 3218 proprie,
1738 3132 1800 3198 ted
1814 3131 1990 3198 literarum
1999 3129 2157 3218 symbolo,
2172 3138 2272 3219 atque

502 3239 731 3335 Cassiodorus,
752 3249 789 3334 in
810 3245 962 3313 ubettacb
982 3251 1308 3337 corruptiorem,
1333 3247 1530 3316 Chaldaicis
1550 3251 1665 3335 cippis,
1687 3249 1811 3335 quusi
1830 3248 1975 3316 literis
1996 3246 2219 3342 emicui-2¹⁵⁴).

654 3361 737 3431 Vtut
766 3364 826 3452 uit,
854 3365 1090 3452 Aegyptiorum
1118 3365 1321 3435 consuetudo
1348 3365 1500 3434 diuersos
1527 3384 1629 3433 sunus
1655 3365 1770 3434 eodem
1797 3365 2044 3455 hieroglyphice
2071 3368 2271 3455 exprimendi

500 3481 630 3567 probet,
650 3480 856 3567 alphabetum
877 3482 1078 3569 Aegyptium
1099 3489 1200 3571 atque
1213 3482 1423 3552 Chaldaicum
1444 3484 1611 3571 antiquum
1632 3484 1777 3552 eiusdem
1799 3485 1934 3570 originis
1955 3503 2044 3554 esse.
2094 3483 2273 3573 Vtrumque

502 3597 587 3662 euim
608 3597 787 3684 antiquitus
808 3603 935 3684 septem
959 3599 1124 3667 literarum
1146 3600 1310 3668 classibus
1330 3601 1418 3668 inter
1439 3601 1591 3688 planetas
1612 3600 1728 3667 diuisis
1749 3603 1908 3676 constitit.

654 3713 723 3792 lanu
738 3713 822 3792 sutis
834 3713 878 3781 dc
894 3715 1119 3785 conuenientia
1132 3717 1329 3804 Aegyptiaci
1344 3735 1416 3786 eum
1429 3716 1597 3800 Semitipis
1609 3716 1807 3804 alphabetis.
1828 3715 1979 3786 Vidimus
1991 3718 2146 3812 nimirum,
2160 3721 2275 3810 Aegy-

502 3830 713 3918 ptiis-verum
726 3833 934 3921 alphabetum
949 3831 999 3900 25
1015 3834 1179 3925 liteparum
1192 3833 1332 3914 adscribi
1349 3853 1370 3902 a
1392 3835 1569 3916 veteribus
1612 3833 1765 3916 Totidem
1786 3833 1900 3908 literas
1921 3833 2080 3905 Semitica
2101 3839 2276 3926 alphabeta

502 3949 740 4038 continuerunt,
753 3951 939 4040 priusquam
953 3950 1036 4018 dnus
1049 3951 1163 4036 literas
1178 3953 1283 4020 interl
1298 3951 1332 4012 et
1343 3957 1423 4034 thet
1437 3971 1533 4020 vuum
1548 3957 1623 4040 post
1637 3959 1661 4018 n
1673 3950 1861 4040 perderent,
1876 3952 1998 4042 qnippe
2013 3957 2164 4040 cognatis
2175 3957 2207 4021 in
2223 3958 2276 4024 al·

499 4066 650 4155 phabetis
664 4073 889 4158 conseruatas.
903 4067 1034 4138 Deinde
1048 4071 1236 4158 Aegyptiae
1250 4070 1367 4158 literae
1381 4069 1507 4158 pariter
1521 4076 1620 4158 atque
1632 4069 1812 4148 Semiticoe
1825 4077 1902 4138 suut
1917 4072 2075 4158 imagines
2088 4091 2191 4138 rerum
2207 4073 2277 4140 diis

498 4183 640 4284 planetis
654 4192 936 4278 consecratarum
952 4187 1036 4282 aliae
1050 4187 1220 4275 clariores,
1233 4194 1271 4256 vt
1283 4187 1566 4278 hieroglyphicue3
1586 4189 1672 4273 uliae
1688 4186 1868 4279 breuiores,
1879 4189 1927 4255 vti
1941 4187 2126 4256 hieraticae.
2164 4183 2276 4258 Porro

500 4319 562 4390 quo
574 4300 686 4368 ordine
699 4301 1135 4392 literaeSemltlcae,eodem
1144 4305 1330 4392 Aegyptiae
1345 4311 1525 4392 sequuntur
1538 4306 1571 4374 in
1583 4305 1770 4400 alphabeto.
1786 4295 1921 4370 Numeri
1936 4303 2020 4370 enim
2033 4299 2178 4367 hieratici
2192 4315 2275 4374 snnt

499 4434 616 4503 literae
637 4433 671 4502 iu
699 4435 799 4504 breue
829 4444 1019 4508 contractae
1044 4443 1143 4526 atque
1173 4437 1407 4534 hieroglyphiri
1433 4441 1556 4509 numeri
1576 4439 1584 4530 Ι
1607 4385 1738 4530 (121
1760 4457 1859 4507 uerae
1879 4440 1956 4502 suut
1976 4435 2094 4502 literae
2111 4434 2273 4508 Chaldai-

499 4552 550 4620 cis
571 4551 807 4644 antiquissimis
826 4573 926 4641 pares
948 4554 1083 4646 eusdem
1104 4561 1139 4622 et
1160 4573 1309 4636 numeros
1330 4562 1366 4623 et
1394 4574 1495 4625 sonus
1524 4557 1793 4644 exprimentibus.
1844 4553 1983 4638 Insuper
2003 4555 2128 4624 numeri
2150 4556 2270 4645 Aegy-

499 4669 559 4758 ptii
587 4669 734 4757 plerique
761 4669 996 4768 hieroglyphici
1023 4671 1236 4764 hieraticiqne
1264 4680 1446 4766 congruunt
1473 4675 1646 4744 etiamnum
1676 4692 1747 4741 cum
1782 4670 1970 4750 Phoeniciis
1998 4669 2105 4759 quoad
2136 4673 2268 4744 turmas.

497 4813 702 4834 m

650 4891 711 4970 bt)
732 4893 869 4952 Clemens
890 4895 939 4954 Al.
960 4897 1067 4955 Strom.
1087 4897 1127 4955 V.
1149 4893 1180 4954 t.
1200 4897 1255 4958 ΠΙ.
1275 4895 1306 4960 8.
1330 4899 1400 4959 coll.
1422 4898 1592 4959 lludlment
1612 4893 1856 4974 hieroglyphiceu
1877 4911 1905 4968 p.
1926 4891 1976 4953 ta.
1998 4892 2050 4953 Ab.

649 5008 709 5088 bl)
732 5013 856 5074 cosmas
879 5029 908 5088 p.
927 5011 999 5094 tet.
1021 5013 1141 5091 Menti,
1162 5017 1248 5100 pass.
1271 5016 1392 5096 chron,
1414 5029 1500 5092 quem
1521 5011 1814 5083 tribunonrm,
1837 5011 1910 5073 htur.
1933 5029 1959 5086 p.
1982 5011 2032 5070 ta.
2054 5031 2083 5072 n.
2102 5013 2154 5071 bo.
