4774 6104
874 566 1123 644 ..33-

111 779 194 845 riter
215 781 315 864 atque
335 772 532 842 l‘boenicias
553 791 633 841 esse
653 789 675 841 a
695 771 793 840 rebus
814 771 932 860 seems,
953 769 997 840 ad
1025 767 1219 856 theologiam
1241 767 1406 854 antiquam
1428 769 1664 857 spectantibus,
1685 773 1881 860 appellatas.

110 895 200 962 Hinc
223 913 317 981 quarn
338 892 496 960 absonum
516 891 572 979 sit,
592 889 708 957 literas
728 889 879 976 antiquas
900 888 944 956 ad
965 907 1022 957 res
1042 887 1130 956 viles
1155 887 1392 974 profanasque,
1418 905 1459 953 ac
1479 885 1558 953 nihil
1578 887 1804 974 significantes
1826 910 1883 958 rc·

107 1013 212 1099 serre,
233 1030 264 1078 e.
285 1029 320 1098 g.
346 1016 366 1100 Ρ
394 1007 438 1077 ad
463 1009 606 1077 toramen
634 1025 734 1094 acus,
763 1007 866 1076 cuiuis
894 1005 1009 1074 claret.
1060 1004 1099 1076 ln
1127 1003 1314 1073 uniuersum
1335 1003 1464 1091 quidem
1485 1003 1651 1073 literarum
1677 1008 1883 1094 sequentium

105 1130 242 1196 nomina
262 1127 372 1215 paullo
393 1127 490 1196 aliter
511 1123 707 1212 explicanda
728 1141 807 1191 esse
827 1121 993 1190 videntur.

264 1237 330 1351 tt'sstt
352 1276 417 1327 non
439 1276 497 1346 pro
520 1265 612 1327 tauro
633 1259 761 1344 integro
783 1256 866 1324 sumi
880 1257 997 1346 debet,
1018 1256 1079 1326 sed
1102 1254 1276 1324 secundm
1298 1253 1439 1324 habitum
1460 1255 1578 1323 literae
1598 1264 1621 1320 tt
1642 1257 1881 1346 antiquumpro

105 1378 222 1466 capite
242 1376 381 1466 taurino,
402 1384 440 1442 vt
461 1375 707 1462 hieroglyphice
729 1374 859 1462 docent,
881 1374 956 1460 palo
977 1373 1105 1460 quidem
1125 1371 1237 1437 intixo.
1280 1372 1396 1458 ltaque
1418 1371 1584 1461 babemus,
1604 1373 1688 1462 quod
1708 1376 1819 1442 multis
1839 1375 1882 1443 dc

103 1497 215 1568 literis
236 1494 311 1562 aliis
331 1493 434 1582 valet,
454 1495 582 1581 signum
602 1512 661 1579 pro
682 1493 790 1579 siguo,
809 1492 865 1559 vel
887 1496 1015 1580 partem
1042 1507 1101 1582 pro
1130 1491 1210 1558 toto.
1263 1485 1416 1557 Ceterum
1438 1495 1562 1579 taurus,
1583 1495 1622 1558 vt
1647 1490 1733 1578 Apis
1754 1492 1881 1580 probat,

104 1611 287 1700 Aegyptiis
307 1610 350 1678 ad
372 1611 487 1679 Lunae
509 1609 665 1698 pertinuit
685 1608 846 1676 ducatum.

260 1753 319 1825 mg
342 1745 441 1832 vulgo
463 1743 589 1810 domum
610 1742 875 1830 interpretantur,
895 1740 1027 1828 linguae
1048 1738 1234 1808 Hebraicae
1255 1738 1384 1827 quidem
1399 1740 1640 1810 conuenienter.
1684 1739 1880 1810 Conceden-

104 1861 181 1928 dum
196 1868 317 1948 tamen,
339 1870 360 1925 3
386 1861 552 1947 antiquum
574 1877 644 1926 cnm
666 1858 761 1925 dumo
782 1877 865 1926 vere
885 1859 965 1926 nibil
987 1858 1110 1925 habere
1131 1875 1308 1926 commune.
1361 1855 1433 1940 Qua
1454 1857 1496 1924 de
1517 1877 1554 1926 re
1576 1866 1636 1923 non
1669 1857 1754 1926 band
1783 1859 1879 1926 dubie

102 1974 316 2044 referendum
341 1975 382 2048 ad
412 1984 459 2054 mm
480 1977 583 2060 βατος
604 1977 724 2063 mutu,
753 1977 808 2044 vel
837 1977 968 2043 modica
1001 1974 1019 2039 1
1052 1975 1137 2062 Rrg.
1171 1971 1233 2064 18,
1260 1972 1343 2064 38„
1370 1975 1462 2044 cuius
1482 1975 1589 2061 figura
1609 1979 1723 2076 comt)
1746 1976 1879 2064 antiqno

17 2153 18 2160 ,
103 2094 229 2180 optime
251 2093 409 2178 cougmit.
451 2092 591 2164 llutotio
612 2112 636 2159 α
656 2093 690 2160 in
711 2112 731 2161 e
752 2093 913 2176 neminem
933 2093 1087 2161 ottendet.

258 2203 332 2318 mgb,
355 2224 518 2294 Hebraeis
539 2243 605 2293 uon
627 2227 731 2296 solum
758 2233 854 2314 porta
879 2227 1028 2314 integra,
1056 2226 1118 2295 sed
1140 2227 1239 2295 etiam
1261 2225 1359 2298 rutra
1379 2226 1450 2316 tuit,
1472 2245 1504 2294 e.
1525 2224 1604 2312 g.'1
1630 2225 1716 2312 Reg.
1739 2221 1776 2315 o,
1795 2225 1878 2318 illm

104 2361 191 2432 quae
212 2351 347 2432 propter
367 2341 558 2410 recludendi
579 2333 645 2410 uim
666 2363 760 2412 suam
780 2343 879 2414 Marti
901 2345 989 2432 apud
1010 2351 1148 2412 veteres
1169 2352 1363 2418 consecrata
1384 2351 1467 2412 erat.

257 2500 306 2573 att}
331 2493 418 2561 nullo
439 2501 549 2599 pacto,
570 2495 716 2582 quamuis
738 2491 916 2566 babeamus
931 2497 1074 2564 radicem
1097 2458 1171 2602 ᾧ,
1192 2516 1251 2584 pro
1278 2493 1437 2562 toramine
1457 2510 1517 2560 seu
1538 2491 1754 2579 depressione
1775 2492 1879 2580 accipi

102 2625 221 2716 debet,
241 2645 326 2715 quae
348 2633 424 2694 sunt
446 2647 501 2695 res
529 2646 635 2716 neque
671 2648 798 2712 sacrae,
827 2649 935 2719 neque
967 2631 1180 2723 perspicnac3
1208 2630 1273 2697 imo
1301 2647 1360 2716 pro
1390 2626 1684 2696 circumuallatioue
1712 2645 1753 2695 oc
1779 2629 1878 2694 muris

97 2758 230 2848 domus,
250 2758 366 2826 saltem
387 2760 428 2827 ob
448 2759 584 2848 liguram
603 2761 728 2851 antiqui
754 2774 780 2860 ῃ
804 2769 840 2831 et
867 2761 903 2860 ‘A
927 2771 962 2834 et
983 2785 1025 2854 g.
1070 2766 1181 2854 Atque
1201 2763 1350 2838 aradice
1372 2739 1436 2844 §Lu
1466 2762 1621 2834 habemus
1648 2781 1733 2830 sane
1768 2762 1878 2830 notio-

96 2909 185 2959 nes:
209 2893 424 2977 constructio,
445 2891 658 2981 aedificatio,
680 2912 843 2964 necnon:
866 2900 963 2968 terro
984 2901 1087 2992 curtio,
1110 2899 1237 2966 bor-trra.

257 3025 380 3113 obticet
392 3025 514 3094 clauum
529 3044 570 3094 ac
583 3027 739 3114 paxillum
759 3027 933 3117 significet,
952 3030 1038 3097 inter
1059 3031 1174 3097 literas
1196 3030 1373 3100 sublimiori
1392 3049 1493 3100 sensu
1514 3030 1618 3118 accipi
1632 3032 1740 3104 debet.
1767 3031 1877 3104 tiuare

100 3149 122 3230 t]
150 3141 407 3230 interpretamur
420 3149 584 3230 sceptrum
598 3145 752 3233 tortasse,
774 3145 870 3213 hamo
882 3148 1076 3236 praeditum,
1091 3147 1176 3234 quood
1196 3147 1306 3212 tritum
1321 3148 1489 3213 Ammonis
1502 3165 1542 3212 ac
1555 3149 1734 3233 principum
1747 3147 1876 3232 insigne

102 3265 167 3339 est,
187 3261 243 3327 vel
265 3279 408 3348 scapum.
452 3257 552 3328 Certe
573 3280 618 3329 ex
640 3262 723 3331 locis
744 3261 810 3328 Ex.
834 3258 899 3353 tlt,
923 3262 985 3332 10.
1003 3261 1069 3354 38,
1090 3261 1143 3330 28
1163 3263 1219 3331 all.
1240 3267 1344 3350 patet,
1367 3269 1388 3349 1]
1423 3280 1489 3334 nou
1520 3261 1624 3329 fuisse
1656 3281 1777 3328 merum
1805 3261 1875 3328 cla-

101 3395 190 3465 rum,
210 3376 271 3446 sed
293 3396 427 3466 scapum
447 3395 487 3445 ac
509 3380 698 3456 columnam.

228 3535 230 3540 ¹
254 3516 292 3601 '131
312 3531 395 3614 serre
417 3511 580 3597 significat
601 3521 797 3582 armaturam
815 3515 984 3602 ipsumque
1005 3514 1158 3603 clipeum,
1178 3531 1292 3586 verum
1316 3530 1443 3600 quoque
1461 3529 1562 3578 sensu
1577 3509 1717 3596 genuino
1730 3513 1876 3599 cultrum,

102 3629 284 3717 pugionem,
305 3627 457 3718 gladium.
510 3629 621 3722 Atque
645 3629 704 3696 Ps,
726 3629 793 3720 44,
816 3630 851 3702 7.
874 3636 991 3717 aperte
1012 3613 1078 3716 ιῖιίι
1097 3629 1259 3717 reperitur
1276 3645 1335 3718 pro
1357 3649 1440 3707 mnu.
1484 3627 1652 3714 Aegyptii,
1673 3628 1789 3714 quibus
1805 3630 1875 3697 cul-

101 3767 152 3826 ter
175 3762 261 3829 idem
289 3763 468 3848 irritatque
488 3759 630 3851 gladius,
651 3781 691 3832 eo
713 3763 955 3852 insignirerunt
975 3765 1153 3832 Saturnum
1174 3761 1310 3848 eiusque
1331 3759 1489 3828 animalia.

254 3899 333 3978 mttp,
356 3894 440 3984 quod
454 3897 536 3965 mira
557 3897 685 3966 ratione
707 3918 765 3984 pro
786 3917 870 3987 pera
890 3899 1079 3984 babuerunt,
1099 3897 1156 3964 alii
1177 3894 1300 3962 rectius
1315 3891 1491 3964 secundum
1513 3888 1617 3980 aab,
1643 3872 1754 3991 Ῐοὶφ,
1799 3885 1877 3972 tra:

100 4032 249 4117 cirpcrc,
268 4031 524 4116 interpretantur
546 4031 738 4118 cincturam,
759 4032 988 4120 sepimentum,
1008 4030 1126 4098 aulam.

253 4168 312 4246 111,
333 4183 429 4250 quum
455 4181 582 4232 manum
612 4183 717 4253 aeque
738 4181 778 4231 ac
800 4164 983 4253 brachium,
1001 4165 1051 4232 uti
1073 4175 1122 4252 ὼ
1146 4179 1207 4228 uec
1239 4179 1304 4228 non
1325 4161 1373 4226 blo
1395 4159 1492 4230 Cant.
1514 4158 1611 4230 Cant.
1629 4161 1665 4250 ti,
1690 4159 1753 4230 14.
1774 4167 1873 4250 atquc

101 4300 306 4388 significatus
324 4299 494 4384 potentiue
515 4298 644 4389 docent,
665 4299 817 4390 deuoret,
839 4298 962 4366 rectius
983 4317 1042 4386 pro
1063 4295 1194 4366 brachio
1215 4294 1368 4381 sumitur,
1388 4295 1464 4382 quia
1483 4279 1546 4364 ‘N
1570 4315 1634 4362 noa
1663 4315 1789 4362 manum
1810 4296 1872 4365 sed

103 4415 266 4484 brachium
288 4415 462 4504 significat,
484 4415 605 4500 digitos
627 4419 754 4486 iunctus
775 4421 810 4483 et
831 4415 980 4503 pollicem
1003 4417 1186 4503 porrigens.
1200 4407 1363 4506 ipsuustt
1389 4418 1443 4479 est
1463 4412 1687 4500 compendium
1708 4397 1771 4482 ῘΝ
1794 4415 1872 4482 bra-

105 4531 169 4597 chii
191 4535 307 4620 potins,
328 4551 421 4619 quam
442 4551 566 4599 manus.

255 4655 297 4735 tl}
324 4650 437 4736 vtique
457 4651 541 4717 alius
561 4649 670 4717 volam
690 4669 805 4718 manns
830 4649 1002 4738 significat,
1014 4651 1097 4719 alias
1114 4668 1195 4717 vero
1217 4647 1382 4716 brachium
1397 4647 1452 4714 vel
1466 4646 1594 4738 vlnum3
1615 4645 1698 4734 quod
1713 4647 1870 4714 vocabula

105 4763 278 4831 coniuncta
304 4767 461 4853 probant:
482 4773 593 4858 mmmm
621 4756 706 4847 tutem
733 4769 818 4836 Lev.
849 4765 915 4852 113,
950 4766 1014 4834 4⁰.
1044 4767 1102 4832 col.
1138 4772 1212 4860 mmm
1233 4767 1348 4852 pulmo
1361 4769 1395 4833 et
1405 4766 1539 4852 palmus
1550 4764 1749 4830 Latinorum.
1765 4762 1869 4835 (tuum

105 4899 184 4948 vero
197 4880 274 4948 vola
294 4883 364 4949 lere
384 4883 475 4952 tucri
496 4884 708 4954 aestumanda
737 4885 837 4953 sitin
857 4884 1016 4970 religione
1036 4879 1245 4987 νείεηιιιι,>]
1279 4902 1362 4950 vero
1400 4881 1524 4949 rectius
1559 4881 1667 4947 ulnam
1697 4875 1868 4961 significet,

106 4997 309 5068 hauddubie
336 5003 378 5089 ηξ
408 5020 467 5087 pro
495 5002 574 5071 vlna
602 5003 686 5070 sumi
716 5003 826 5072 debet.
877 5001 1084 5093 Aegyptiace
1105 5001 1232 5094 quidem
1253 5001 1331 5069 vlna
1361 4999 1511 5067 scribitur
1536 5001 1638 5083 h,
1665 4991 1868 5078 reperiuntur

1542 5111 1567 5178 b
