4774 6104
1232 649 1482 724 ..52-

464 875 537 928 cum
558 860 634 926 octo
655 853 817 944 prioribus
838 853 923 923 salis
945 851 1133 922 cohaerere.
1197 848 1331 919 Etenim
1351 849 1470 918 literae
1491 847 1618 936 priores
1639 853 1831 918 constanter
1851 845 1894 918 ab
1915 879 1957 918 μ
1986 845 2030 915 ad
2051 847 2095 920 t
2131 843 2166 908 et
2191 831 2238 932 ξ

464 978 618 1063 pergunt,
638 973 725 1062 quod
753 991 818 1042 non
846 970 935 1040 cadit
965 972 999 1039 in
1020 956 1128 1055 >id
1173 966 1264 1051 Quas
1285 970 1326 1036 ob
1348 985 1467 1036 causas
1486 966 1606 1036 literae
1625 952 1740 1050 >«,
1767 948 1832 1050 ξῐ
1859 963 1894 1026 et
1917 949 2034 1050 »lE
2065 966 2239 1052 segregari

464 1109 487 1159 a
508 1089 598 1157 serie
619 1097 693 1158 octo
714 1089 899 1179 primarum,
919 1088 982 1155 imo
1003 1085 1163 1174 singulari
1183 1087 1218 1154 in
1239 1083 1388 1154 columna
1409 1083 1639 1173 comprehendi
1659 1084 1794 1153 debent.
1836 1079 2005 1171 Quumque
2026 1082 2113 1150 inter
2141 1066 2237 1165 >«,

468 1189 546 1290 ξῙ,
571 1191 687 1292 >iffi
717 1205 871 1274 deficiant
884 1203 1140 1272 combinationes
1153 1201 1289 1292 solitac3
1308 1201 1431 1268 iuuabit
1451 1201 1555 1269 trinum
1576 1199 1639 1270 bas
1660 1201 1776 1270 literas
1788 1199 1823 1265 in
1836 1200 1984 1268 columna
1998 1197 2041 1266 ad
2063 1199 2240 1266 secundum

465 1329 615 1412 systema
634 1329 806 1415 spectante
826 1323 875 1390 its
895 1321 1084 1410 disponere,
1106 1326 1144 1388 vt
1165 1318 1243 1386 trini
1269 1317 1316 1384 illi
1337 1317 1471 1387 ordines
1500 1317 1596 1388 lineis
1625 1319 1772 1387 distincti
1802 1336 1902 1386 wem
1929 1318 2066 1404 quisque
2097 1321 2239 1384 tueatur.

466 1437 620 1515 Celerum
647 1441 769 1528 claret,
797 1439 884 1528 quod
912 1443 1049 1527 quatuor
1080 1443 1215 1506 nostras
1236 1435 1404 1504 literarum
1429 1435 1559 1504 classes
1579 1436 1643 1505 duo
1669 1435 1704 1504 in
1731 1440 1916 1523 systemata
1941 1434 2175 1522 distinximus,
2201 1453 2241 1503 eo

466 1575 581 1626 omnes
602 1557 715 1627 literas
736 1556 962 1626 cuneolormes
983 1552 1141 1643 quadrato
1163 1551 1405 1642 comprehendi,
1426 1553 1517 1620 cuius
1538 1555 1643 1623 latera
1665 1561 1739 1622 octo
1761 1553 1908 1640 partibus
1928 1559 2094 1642 constent,
2107 1571 2242 1622 numero

466 1676 595 1762 inquam
615 1676 703 1764 apud
722 1682 859 1744 veteres
879 1675 1020 1742 maxime
1040 1665 1167 1742 Persas
1186 1677 1410 1742 mmomuoto.
1453 1671 1633 1742 Videamus
1654 1689 1741 1740 nunc
1761 1669 1805 1738 de
1825 1671 1914 1740 serie
1929 1671 2097 1739 literarum
2116 1689 2242 1740 secum·

466 1791 541 1861 dam
562 1793 705 1864 classem
725 1793 956 1883 spectantium.

620 1943 724 2028 Quum
754 1928 772 2015 l
800 1943 948 2032 proxime
977 1961 1049 2011 cum
1074 1926 1100 2026 <
1126 1939 1368 2029 simplicissime
1394 1940 1548 2030 coniungi
1576 1939 1725 2032 deberet,
1754 1941 1804 2009 vti
1825 1940 1961 2032 dictum3
1990 1941 2147 2031 seqnitur,
2166 1941 2238 2030 pri-

466 2077 553 2130 mam
574 2062 741 2129 secundae
762 2059 881 2128 classis
901 2059 1029 2130 literam
1050 2058 1153 2128 luisse
1175 2066 1234 2127 aut
1254 2042 1297 2144 l<
1324 2065 1381 2131 aut
1410 2044 1481 2144 lii.
1545 2059 1650 2142 Quum
1670 2077 1752 2128 vero
1774 2043 1834 2143 l<l
1855 2058 1991 2126 totidem
2013 2059 2240 2146 concientque

466 2162 560 2263 ›l‹
590 2178 693 2266 prima
714 2179 838 2267 primae
859 2177 980 2246 classis
1001 2177 1098 2246 litera
1118 2183 1249 2246 constet
1269 2194 1467 2266 cuneumque
1488 2177 1523 2245 in
1543 2177 1610 2245 dne
1631 2178 1796 2246 continent
1817 2173 2022 2265 superfluum,
2044 2194 2132 2263 quae
2152 2175 2241 2244 nulla

465 2299 500 2364 iu
522 2295 619 2362 litera
639 2293 736 2361 buius
757 2293 877 2362 classis
905 2295 972 2363 alia
998 2293 1225 2382 continuetur,
1252 2293 1302 2363 vti
1322 2281 1347 2380 <
1366 2297 1402 2362 in
1422 2278 1535 2385 >l(3
1555 2299 1661 2385 patet,
1682 2295 1846 2364 secundae
1868 2293 1988 2362 classis
2016 2299 2116 2381 capul
2135 2293 2240 2362 luisse

466 2396 537 2495 lil-
559 2411 751 2500 Sequentes
771 2411 889 2480 literae
909 2397 951 2496 l<
973 2418 1009 2481 et
1029 2395 1095 2494 l«
1124 2429 1204 2478 sese
1231 2411 1398 2498 excipiunt
1424 2411 1474 2480 uti
1504 2411 1544 2477 1¹
1577 2419 1612 2480 et
1641 2411 1697 2494 1⁸,
1726 2433 1790 2502 qua
1817 2413 1851 2479 in
1880 2431 1917 2480 re
1937 2413 2017 2481 item
2038 2413 2236 2480 conueniunt

466 2547 540 2598 cum
559 2527 666 2595 literis
687 2527 811 2615 primae
829 2529 950 2597 classis
965 2533 1059 2596 iuxta
1078 2526 1208 2615 positis.
1251 2527 1367 2616 ltaque
1388 2530 1523 2617 primae,
1543 2530 1711 2597 secundae
1732 2538 1767 2598 et
1788 2531 1906 2600 tertiae
1928 2530 2098 2618 utriusque
2117 2531 2239 2598 classis
2381 2529 2382 2550 ¹

466 2645 585 2714 literae
604 2645 677 2734 pari
697 2644 826 2713 radone
847 2663 928 2715 sese
949 2647 1127 2733 excipiunt.
1171 2642 1325 2714 Ceterum
1340 2646 1407 2713 noli
1427 2652 1554 2737 putare,
1574 2647 1709 2734 primam
1730 2647 1823 2716 buius
1844 2649 1965 2716 classis
1984 2648 2112 2716 literam
2130 2647 2239 2716 luisse

468 2745 572 2844 κ».
615 2762 701 2830 sm
722 2745 809 2847 lt»
838 2764 1059 2852 seponimus
1080 2745 1165 2846 lt:
1194 2761 1318 2851 nequo,
1332 2764 1408 2851 qua
1433 2749 1506 2850 i<-
1527 2769 1562 2832 et
1583 2748 1668 2849 κε
1702 2781 1781 2833 sese
1807 2764 1976 2853 excipiunt
2001 2765 2053 2832 vu
2081 2765 2100 2832 r
2132 2773 2168 2833 o
2195 2763 2241 2857 ῆς

467 2883 570 2966 atque
591 2864 697 2964 Κ»,
724 2865 809 2965 l<t
838 2879 944 2948 literis
972 2863 1026 2963 Κ,
1044 2864 1126 2963 l«,
1146 2878 1267 2967 quippe
1287 2881 1547 2970 simplicioribus,
1566 2898 1633 2949 non
1653 2881 1821 2968 praemitti
1842 2881 1905 2950 sed
1926 2881 2042 2952 subiici
2066 2881 2199 2952 debent.

619 3029 705 3098 Post
726 3031 821 3119 primi
849 3027 974 3098 ordinis
999 3027 1114 3098 literas
1135 3013 1207 3113 itt,
1234 3013 1288 3113 li,
1316 3012 1382 3115 l«
1404 3036 1601 3120 expectatur
1620 3016 1722 3119 K«,
1750 3049 1834 3121 quae
1855 3031 1959 3102 deest
2002 3031 2111 3115 Quare
2124 3033 2237 3119 quaeri

448 3143 567 3242 ¹debet
594 3148 787 3217 combinatio
821 3133 931 3220 lcum
952 3165 1055 3214 cuneo
1076 3145 1199 3233 primae
1227 3145 1357 3235 classis,
1379 3149 1470 3215 cuius
1495 3149 1630 3236 generis
1651 3155 1728 3218 sunt
1747 3134 1825 3235 Ῐξ,
1853 3141 1962 3232 ΠΥ»,
1990 3134 2103 3220 l··l·
2131 3145 2238 3231 Quum

468 3245 532 3348 ῙΕ
556 3267 679 3332 tautum
699 3263 900 3351 respondeat
927 3268 1064 3351 quartae
1090 3263 1208 3332 literae
1229 3253 1376 3356 (νῘΠ)
1399 3267 1522 3353 primae
1544 3267 1673 3355 classis,
1694 3265 1958 3353 quemadmodum
1982 3250 2060 3351 iti,
2093 3251 2150 3350 R,
2178 3249 2240 3336 i«
2379 3271 2380 3308 3

468 3376 691 3466 complexibus
712 3365 818 3466 >l<2
841 3366 922 3465 tl,
950 3362 1050 3471 ΕΠς
1069 3401 1229 3470 quumque
1246 3381 1328 3449 duos
1356 3401 1478 3450 cuneos
1506 3383 1663 3471 aequales
1685 3385 1719 3450 in
1741 3368 1804 3468 l«
1827 3383 1922 3473 sequi
1942 3383 2086 3453 debeant
2098 3393 2167 3454 tres
2181 3403 2240 3452 cu-

467 3495 522 3564 nei
543 3497 667 3582 primae
688 3497 825 3566 classis:
847 3496 998 3564 dubitare
1018 3497 1192 3580 nonlicet,
1215 3503 1361 3584 quartum
1382 3496 1477 3568 buius
1498 3501 1619 3568 classis
1640 3501 1767 3570 literam
1789 3501 1893 3569 luisse
1914 3486 1994 3587 ΥΕ.

619 3626 723 3713 Quum
750 3612 880 3716 post}
910 3627 1006 3715 sequi
1034 3627 1158 3699 debeat
1185 3615 1228 3722 <3
1256 3631 1423 3718 proximus
1447 3633 1564 3702 literas
1584 3632 1740 3704 babemus
1766 3622 1851 3721 ll»
1877 3644 1913 3704 ct
1933 3620 2018 3722 ΚΞ,
2035 3633 2238 3724 quibusordo

468 3743 652 3814 numerious
676 3747 712 3835 1,
733 3739 758 3810 8
780 3743 879 3812 inest.
1551 3766 1555 3776 ·

620 3879 690 3947 lam
719 3884 898 3965 supersunt
930 3883 1001 3947 tres
1027 3877 1145 3948 literae
1173 3870 1285 3964 m»,
1310 3864 1426 3960 l·-l‚
1451 3867 1536 3966 lt,
1559 3904 1642 3975 quas
1668 3887 1742 3976 ipso
1775 3888 1837 3957 boc
1864 3887 1977 3956 ordine
2009 3885 2155 3957 adiicere
2189 3889 2240 3957 las
2376 3893 2377 3900 ’

467 4002 531 4064 est.
552 3993 687 4064 Etenim
701 3999 777 4082 post
788 3994 931 4064 initiales
952 4002 1022 4063 tres
1044 4013 1167 4064 uuneos
1188 3998 1222 4066 iu
1245 3987 1337 4078 m>
1369 3999 1464 4088 sequi
1484 4001 1584 4070 debet
1609 3988 1636 4096 l,
1662 4012 1737 4094 post
1758 4006 1984 4076 secundarium
2003 4038 2048 4073 μ
2076 4005 2110 4072 iu
2137 3991 2239 4078 l·-l

466 4131 548 4182 vero
568 4113 640 4201 t,
666 4130 745 4199 ergo
771 4095 831 4182 lt
850 4118 927 4202 post
947 4097 1047 4185 l··l
1067 4120 1144 4201 post
1163 4107 1277 4195 m».
1328 4115 1481 4186 Ceterum
1504 4118 1567 4188 bae
1589 4121 1706 4191 literae
1728 4129 1797 4190 tres
1825 4125 1971 4192 secundo
2000 4124 2034 4190 iu
2055 4129 2239 4210 systemate

467 4229 558 4297 iuxta
578 4232 696 4298 literas
718 4229 782 4320 21,
802 4227 868 4322 Ἡ,
889 4229 941 4298 llll
963 4231 1137 4320 ponendae
1157 4241 1243 4303 sunt
1286 4233 1420 4304 Priores
1441 4236 1527 4306 enim
1547 4257 1610 4308 sex
1632 4239 1748 4309 literae
1768 4261 1835 4310 vno
1857 4247 1982 4312 tantum
2012 4260 2034 4310 a
2059 4258 2159 4308 cunco
2180 4242 2238 4310 in-

467 4344 602 4435 cipiunt,
622 4365 724 4432 quare
745 4353 859 4416 unctor
878 4348 976 4416 litera
1001 4338 1095 4428 m>
1123 4349 1212 4417 uliud
1237 4371 1345 4438 genos
1375 4353 1512 4424 innuere
1538 4356 1685 4426 voluisse
1706 4359 1846 4427 videtur.
1889 4358 2000 4430 Etiam
2026 4359 2241 4445 symmetriae

467 4461 576 4548 gratio
597 4469 667 4529 tres
686 4463 781 4530 buius
802 4466 922 4533 classis
943 4465 1060 4535 literae
1081 4466 1258 4536 secundum
1278 4468 1322 4536 ad
1342 4478 1491 4558 systema
1512 4471 1629 4540 relerri
1650 4474 1782 4546 debent

619 4592 674 4662 De
695 4597 813 4665 tertisc
841 4597 960 4666 classis
988 4600 1210 4687 complexibus
1237 4603 1410 4672 sumsimus
1430 4587 1499 4693 w
1526 4625 1585 4694 pro
1613 4609 1716 4697 prima
1744 4609 1853 4701 litera,
1877 4611 2031 4700 quoniam
2057 4611 2141 4679 baec
2168 4613 2240 4682 solu

468 4717 540 4781 tres
561 4729 683 4779 cuneos
704 4714 861 4800 aequales
882 4733 985 4783 cuneo
1000 4716 1115 4786 initiali
1128 4717 1275 4806 udiungit
1287 4724 1387 4808 atque
1407 4739 1511 4791 cuneo
1525 4722 1612 4792 libuli
1625 4725 1795 4812 redundat,
1809 4729 1859 4797 vti
1880 4715 1971 4814 ›l‹
1991 4734 2026 4796 et
2039 4712 2098 4813 lii
2114 4729 2240 4817 primae

467 4827 695 4916 secundaeque
717 4829 839 4898 classis
858 4831 976 4918 capitu.
1009 4830 1113 4916 Quum
1134 4836 1220 4906 enim
1241 4836 1329 4905 nulla
1348 4837 1394 4905 sit
1414 4837 1510 4906 buius
1531 4839 1652 4909 classis
1672 4842 1770 4914 litera
1789 4846 1908 4915 literue
1928 4830 1997 4935 w
2014 4843 2144 4934 similis,
2155 4865 2238 4934 quae

465 4964 526 5033 pro
551 4930 567 5016 l
589 4947 756 5015 contineat
786 4929 836 5041 ll,
857 4947 1026 5018 admodum
1047 4952 1213 5038 probabile
1233 4953 1374 5045 videtur,
1396 4955 1522 5026 buncce
1543 4975 1679 5028 cuneum
1700 4961 1828 5030 liualem
1849 4963 1970 5032 classis
1990 4963 2116 5032 initium
2133 4964 2239 5052 sigui·

468 5061 579 5147 licere,
598 5051 691 5149 vti<
719 5055 754 5124 in
778 5049 867 5152 *K
896 5064 930 5128 ei
955 5052 972 5141 l
996 5059 1029 5128 i1¹
1055 5052 1112 5154 lli
1138 5068 1173 5132 el
1197 5088 1240 5123 ν
1272 5064 1305 5132 in
1330 5061 1426 5162 ᾖ».
1467 5073 1594 5145 Eodem
1613 5077 1737 5148 iaciunt
1756 5085 1936 5168 sequentes
1957 5079 2086 5152 literae.
