4796 6106
1264 517 1517 598 -82-

505 731 647 816 inquam,
667 727 746 814 quot
766 721 895 792 diuinus
915 721 972 790 ille
993 719 1125 789 Thouth
1145 718 1218 790 sina
1239 719 1347 788 ¹l'naut
1366 725 1479 789 aetate
1499 717 1612 788 diluuii
1631 717 1846 788 comtttuerit
1896 715 1953 786 lllx
1973 732 2038 807 quo
2064 735 2148 788 sane
2167 719 2276 810 colligi

505 863 607 934 posse
628 842 776 929 videtur,
803 841 1011 928 alphabetum
1036 834 1273 907 Senseriticum
1301 855 1428 926 quoqne
1452 856 1533 906 esse
1558 837 1704 908 eiusdem
1730 837 1869 924 originis
1901 834 2111 922 eiusdemque
2138 842 2276 908 nahrae

505 969 605 1049 aque
625 961 875 1048 aegyptiacum,
894 956 1123 1045 maelmin,
1142 955 1336 1047 zendicum,
1354 955 1556 1045 Pehlmcun,
1575 955 1783 1045 Hebraeum,
1796 952 1980 1034 Arabicum,
2001 952 2138 1040 reliqua.
2178 955 2274 1027 Nune

507 1097 593 1166 quae
613 1079 768 1147 vniuerse
787 1073 977 1164 monuimus,
996 1092 1041 1142 ne
1060 1074 1096 1142 in
1116 1091 1236 1143 vanum
1256 1093 1299 1143 ac
1318 1079 1473 1162 proterue
1493 1072 1683 1161 disputasse
1700 1072 1878 1161 videamur,
1892 1071 2077 1140 accuratim
2089 1071 2274 1159 expendere

507 1197 646 1266 officinm
666 1200 729 1262 est

506 1389 541 1468 s.
566 1377 607 1454 2.
661 1374 899 1476 Comparatio
924 1376 1119 1455 marom
1131 1370 1450 1452 Smaccriticorom
1475 1371 1753 1468 cumZertdioic,
1769 1373 1954 1452 Peteona
1978 1369 2274 1474 etNeopmicic.

658 1542 851 1611 Tenendum
871 1543 988 1632 primo,
1010 1543 1126 1612 literas
1144 1540 1297 1615 ludorum
1317 1539 1506 1627 adspiratus
1525 1558 1604 1608 esse
1625 1539 1812 1608 dmenticas
1833 1559 1955 1628 aarum,
1975 1557 2059 1628 quas
2079 1545 2278 1628 gemmatici

506 1669 642 1731 veteres
662 1666 842 1748 posuerunt
862 1661 955 1728 iuxta
975 1679 1041 1729 non
1062 1659 1263 1748 adspiratus.
1306 1655 1400 1743 Quod
1421 1657 1565 1745 ipsarum
1585 1657 1852 1744 pronunciatione
1873 1663 1909 1728 et
1929 1656 2139 1728 similitudine
2158 1661 2279 1730 confir·

495 1784 621 1874 ematnr.
666 1775 778 1852 Sicli
807 1775 889 1854 etii
920 1796 987 1847 non
1001 1778 1105 1846 solum
1127 1777 1287 1844 simillime
1309 1775 1560 1864 pronunciantur
1580 1775 1618 1840 oz
1638 1781 1673 1842 et
1694 1775 1766 1863 tha,
1788 1773 1849 1843 sed
1871 1776 1970 1844 etiam
1991 1775 2072 1843 nihil
2092 1777 2162 1846 lere
2182 1778 2277 1848 dille-

504 1900 581 1966 runt
600 1897 714 1964 forma·
756 1891 893 1963 Scilicet
914 1893 1179 1982 quemadmodum
1199 1893 1370 1964 zendicae
1389 1893 1506 1962 literae
1526 1891 1715 1960 diedone
1736 1891 1964 1964 discernuntur
1983 1893 2185 1984 abantiquis
2205 1915 2276 1966 ma-

505 2013 593 2080 xime
615 2011 749 2080 circallo
770 2012 936 2102 adiuncto,
956 2011 1004 2079 ita
1026 2018 1062 2081 et
1082 2012 1231 2081 Indicae.
1274 2011 1413 2080 Videbis
1433 2010 1579 2080 omuibus
1600 2011 1635 2078 in
1648 2009 1753 2078 literis
1766 2009 1890 2079 ludicis
1911 2011 2003 2079 iuxta
2023 2011 2199 2100 primarias
2218 2034 2276 2103 po-

506 2131 581 2198 sitis
603 2129 767 2199 circellum
787 2136 846 2198 aut
866 2131 1018 2200 lineolam
1038 2130 1171 2218 adiungi
1199 2149 1258 2218 pro
1286 2130 1393 2217 signis
1421 2126 1611 2215 diacriticls,
1642 2133 1681 2196 vt
1701 2127 1875 2217 alphabeto
1895 2127 2045 2198 chdicn
2065 2137 2101 2199 et
2121 2129 2275 2202 Pehluico

503 2246 634 2316 accidit.
675 2244 732 2315 Ex
751 2268 816 2336 qno
837 2252 941 2339 patet,
961 2248 1167 2336 alphabetum
1181 2246 1416 2318 Sanscritieum
1427 2246 1568 2316 maxime
1583 2247 1721 2315 omnium
1735 2245 1873 2315 Persico
1883 2264 2071 2336 congruere·
2115 2249 2276 2319 Vniuersa

504 2365 559 2452 qui
578 2365 694 2432 literas
715 2361 848 2432 Indicas
868 2367 932 2433 alio
952 2366 1021 2434 vllo
1042 2384 1115 2434 cum
1132 2364 1307 2453 alphabeto
1327 2381 1516 2452 comparare
1537 2363 1681 2454 cupiunt,
1700 2382 1761 2433 eos
1780 2363 1845 2434 tria
1864 2363 1899 2432 iu
1920 2365 2035 2454 quauis
2049 2365 2274 2444 literanhser-

505 2498 588 2548 vaue
609 2485 749 2567 oportet
792 2477 933 2550 Scilicet

660 2597 696 2664 1.
738 2597 897 2667 htueolae
918 2598 1140 2667 horizontalea
1160 2597 1263 2666 literis
1292 2593 1508 2668 Sanscriticis
1535 2616 1678 2687 superne
1699 2597 1871 2668 adiunctae
1891 2619 1956 2668 non
1982 2601 2152 2690 pertinent
2171 2604 2216 2671 ad
2234 2605 2276 2673 li-

505 2719 597 2784 teras
617 2715 721 2805 ipsas,
740 2714 803 2784 sed
823 2715 867 2784 ad
889 2734 1042 2785 versuum
1061 2715 1193 2807 lineam,
1212 2716 1248 2783 in
1268 2733 1332 2803 qua
1350 2715 1468 2784 literae
1489 2716 1742 2805 suspenduntur.

658 2830 696 2901 2.
738 2832 876 2901 Literna
896 2833 1075 2922 pleraeque
1096 2833 1310 2903 terminantur
1330 2832 1482 2904 dextram
1502 2853 1622 2904 versus
1643 2834 1767 2903 lineola
1792 2834 1964 2927 verheali,
1984 2855 2086 2927 quae,
2107 2835 2158 2906 vti
2179 2857 2276 2927 prae-

505 2947 600 3034 cipue
621 2965 641 3016 e
661 2949 759 3017 litera
780 2949 805 3028 Τ
823 2977 869 3008 =
889 2971 912 3018 u
933 2951 1052 3040 elucet,
1072 2950 1253 3040 respondet
1272 2951 1382 3020 vocali
1402 2952 1426 3020 ci
1446 2953 1552 3021 vcluti
1578 2953 1804 3022 Hebraeorum
1825 2953 1921 3022 ttval
1948 2953 2089 3022 Arabico
2110 2944 2132 3038 l,
2156 2956 2278 3045 quippe

503 3063 610 3152 matri,
631 3082 716 3154 quae
737 3073 885 3158 vocatur,
903 3067 1067 3137 lectionis.
1106 3068 1180 3144 Qua
1200 3069 1330 3158 quidam
1349 3069 1386 3137 in
1404 3069 1526 3140 lineola
1545 3071 1697 3141 verticali
1715 3070 1795 3140 itam
1815 3071 1931 3140 literae
1951 3069 2172 3142 Senseriticae
2195 3091 2276 3162 pro-

504 3181 598 3268 priae
618 3191 838 3253 annectuntur
857 3185 1050 3274 permultae.

656 3301 693 3371 a.
737 3302 843 3378 Quum
863 3303 981 3372 literae
1002 3301 1466 3374 Senseriticaelineclianunc
1485 3304 2078 3398 honuontaltnus,umcverficn1ibus
2090 3313 2275 3378 annectan-

504 3419 568 3499 tur,
589 3417 755 3488 literarnm
776 3439 905 3507 quoque
925 3421 1077 3508 mentae,
1098 3422 1214 3509 quibus
1234 3428 1461 3513 annectantur,
1480 3441 1548 3491 non
1568 3425 1736 3511 pertinent
1762 3423 1806 3492 ad
1826 3425 1993 3493 literarum
2019 3423 2152 3512 figuras
2215 3425 2275 3497 Sic

503 3527 545 3612 ζ
564 3531 611 3595 lta
642 3534 831 3618 priuaudum
854 3536 957 3620 primo
977 3535 1099 3600 lineola
1118 3535 1313 3604 harmontali
1342 3535 1442 3627 (aa),
1468 3539 1544 3607 hinc
1570 3540 1692 3610 lineola
1718 3541 1924 3610 commacina
1953 3537 2057 3635 (τὴς
2089 3562 2152 3633 quo
2187 3545 2273 3614 iacto

504 3649 612 3712 restat
642 3679 672 3733 ρ
692 3647 825 3734 propria
845 3646 998 3712 ludorum
1018 3645 1126 3714 litera.

655 3764 726 3832 lam
760 3763 795 3832 in
827 3763 1070 3852 comparatione
1106 3761 1277 3839 literarum
1298 3763 1484 3836 Indicarum
1512 3769 1713 3857 propriarum
1739 3789 1811 3842 cnm
1844 3771 2005 3843 Zendicia
2030 3783 2069 3846 et
2107 3775 2277 3850 Pehluicis

505 3879 632 3949 omnino
654 3881 748 3968 leges
769 3881 986 3950 ohsaruentur
1006 3888 1197 3971 sequentes.

660 4000 696 4067 1.
739 3997 876 4069 Literna
895 4001 1047 4070 ludorum
1068 4002 1269 4095 adspiratae‚
1288 4021 1385 4090 quum
1406 4002 1478 4070 solo
1499 4002 1631 4073 circello
1651 4003 1803 4075 dinume
1823 4024 1844 4075 a
1865 4027 1930 4080 non
1950 4008 2128 4101 adspiratis
2149 4016 2278 4100 pariter

502 4121 601 4207 atque
621 4117 812 4187 fflacriticae
832 4117 1009 4187 Parsnrum
1029 4139 1052 4189 a
1071 4122 1312 4212 principalibus,
1332 4120 1515 4191 habeantur
1535 4141 1594 4212 pro
1615 4121 1793 4193 menoch
1811 4125 1979 4198 literarum
1999 4148 2064 4196 uon
2084 4127 2284 4212 amposta.

503 4255 573 4303 rum
594 4243 811 4305 uaceaseest.
854 4235 950 4321 Quod
970 4238 1092 4328 iubent,
1111 4240 1162 4308 vti
1182 4239 1316 4329 dictum,
1337 4240 1616 4329 pronunciationis
1636 4241 1809 4313 similitudo
1830 4251 1930 4334 atque
1942 4241 2151 4314 Grammatici
2171 4253 2281 4319 vete-
2388 4329 2389 4356 χ

504 4371 573 4441 res,
593 4355 647 4440 qui
668 4355 855 4442 adspiratus
876 4354 969 4422 iuxta
989 4355 1211 4444 inadspiratas
1231 4357 1442 4426 collocmunt

656 4469 691 4538 θ.
735 4470 966 4542 Pronuuciatio
988 4473 1153 4542 literanum
1174 4473 1448 4545 Sanscuiticauum
1470 4475 1628 4545 hodierna
1648 4477 1683 4547 in
1711 4479 1899 4548 vnuuemum
1926 4475 2054 4568 quidem
2081 4485 2279 4577 sequendu3

502 4595 647 4658 attamen
667 4587 855 4659 deserenda
875 4597 939 4674 eat,
962 4591 1019 4659 vbi
1039 4593 1243 4679 namnetici
1269 4613 1417 4682 pugnare
1439 4613 1554 4662 secum
1581 4594 1746 4664 videntur.
1789 4593 1851 4662 Sic
1875 4593 1927 4684 ἦ,
1952 4594 2027 4664 net
2047 4600 2275 4685 pronuncian-

502 4704 588 4788 dum,
608 4705 715 4774 literis
735 4707 951 4792 gutturalihus
971 4709 1216 4801 adnumeratam
1237 4711 1323 4800 quod
1343 4711 1416 4781 beai
1436 4731 1501 4782 non
1522 4717 1644 4802 potest,
1665 4733 1759 4802 qaum
1779 4709 1853 4778 oct
1872 4729 1937 4779 non
1957 4720 2101 4802 gutture,
2123 4715 2185 4786 sed
2207 4719 2274 4790 lin·

501 4822 804 4913 prudentibusque
824 4825 1013 4913 proteratur.
1059 4831 1161 4900 Culus
1180 4829 1268 4900 modi
1287 4830 1331 4901 de
1350 4829 1459 4900 literis
1478 4829 1696 4921 statuendum,
1716 4827 1803 4917 qaod
1829 4829 1976 4900 omnibus
2003 4832 2074 4902 sere
2093 4834 2129 4904 in
2148 4835 2272 4929 linguis
