4774 6104
879 560 1130 638 ..63-

108 753 190 853 l<-.
216 753 277 851 ῇχ
307 775 349 817 =
374 753 511 844 bonurn
535 777 589 818 ==
615 736 776 883 iacilnio,
796 777 891 849 quem
912 761 1053 852 Lassen,
1074 745 1182 852 ξ<-
1202 779 1263 850 pro
1280 755 1328 850 pb
1348 761 1510 855 babendo,
1540 763 1675 834 Kurdos
1695 767 1789 838 dixit.
1831 773 1880 840 At

107 917 188 971 vero
208 897 283 966 buic
304 895 491 966 sententiae
511 897 575 964 iam
597 895 710 964 obstat
729 895 775 984 id,
807 895 893 982 qaod
915 884 1060 982 ῆΐιιιιῐι
1081 896 1253 965 redundet
1296 896 1428 966 Deinde
1448 917 1520 966 cum
1530 901 1686 988 scriptum
1707 903 1879 972 sitiente

103 1039 140 1102 r,
169 1012 376 1084 statuendum
397 1014 492 1104 soret,
511 1012 639 1080 Persas
660 1009 788 1080 Gordos
808 1013 998 1101 appellasse
1025 1013 1162 1082 Codrus.
1206 1013 1311 1081 l‘orro
1332 1014 1520 1084 Herodotus
1548 1018 1735 1105 neutiquam
1756 1037 1880 1088 memo-

104 1141 160 1206 rat
181 1132 310 1204 euruos
331 1151 391 1199 suo
412 1131 445 1198 in
466 1131 608 1218 gentium
630 1129 793 1217 catalogo,
815 1131 878 1199 imo
899 1136 1021 1199 terram
1043 1131 1240 1219 llarimnm,
1262 1130 1370 1198 serius
1391 1131 1585 1220 Atrapenen
1599 1143 1762 1204 vocatam.
1804 1134 1881 1202 Ile·

102 1253 203 1342 nique
241 1232 347 1338 ξ<>
384 1247 472 1314 nullo
503 1253 598 1336 pacto
628 1266 686 1336 pro
711 1246 758 1333 pb
780 1247 894 1316 baberi
920 1249 1020 1318 debet
1049 1246 1227 1316 secundum
1254 1246 1395 1316 tabulam
1429 1255 1575 1316 nostram
1603 1252 1878 1322 combinatoriam.

100 1371 171 1439 Pro
199 1368 296 1436 litera
322 1365 409 1433 enim
438 1347 545 1451 ξ<’
568 1365 687 1432 nullum
708 1364 843 1432 habebis
863 1365 969 1434 locum
996 1384 1058 1453 per
1078 1370 1182 1434 totam
1210 1363 1351 1432 tabulam
1372 1371 1528 1456 nostram,
1556 1368 1587 1433 si
1612 1385 1679 1435 non
1701 1374 1778 1456 post
1797 1354 1878 1440 tt·

102 1487 210 1571 Quom
238 1471 338 1553 enim
355 1482 534 1570 praecedat
559 1470 664 1570 -m3
695 1483 789 1570 sequi
827 1482 927 1550 debet
960 1500 1005 1550 ex
1038 1480 1166 1570 legibus
1195 1481 1436 1549 combinatoriis
1456 1468 1536 1566 tl,
1559 1483 1635 1552 binc
1657 1469 1764 1570 ξ<»
1800 1483 1877 1554 binc

100 1588 218 1690 .(ξ.
275 1599 345 1667 lam
365 1617 437 1667 cum
456 1589 542 1678 >m
562 1583 672 1682 etti,
693 1597 727 1664 in
748 1617 811 1685 qno
832 1617 947 1667 ornnes
967 1598 1186 1688 consentiunt,
1206 1598 1390 1666 volenntn
1422 1605 1458 1667 ct
1483 1606 1517 1684 ³3
1531 1601 1740 1692 claretsequi
1756 1601 1877 1674 debere
2029 1607 2040 1616 “

101 1731 186 1788 u:
200 1701 318 1804 ξ<-.
361 1714 452 1800 Quas
474 1715 603 1803 quidem
623 1715 667 1783 ob
685 1733 804 1783 causas
824 1732 886 1782 nos
907 1714 1036 1806 quidem
1056 1715 1247 1783 vocobulum
1267 1715 1347 1782 illud
1368 1717 1621 1805 interpretamur
1638 1715 1876 1806 Sar-Dorilao,
1923 1799 1927 1810 .

100 1838 194 1926 regio
214 1834 414 1903 Daritcrum.
454 1830 587 1900 Etenim
609 1814 735 1917 H>-
759 1819 815 1917 (ᾖ
834 1847 881 1890 --
900 1839 937 1901 to
963 1832 1143 1921 respondet
1162 1834 1370 1922 Neopersico
1386 1867 1442 1934 ,a
1461 1837 1568 1922 repro,
1582 1853 1715 1926 norm,
1730 1839 1876 1922 ornabar

99 1973 204 2046 quare
224 1953 323 2020 etiam
343 1954 477 2017 vertere
497 1948 578 2017 licet
598 1945 883 2019 Contra-Daritae
909 1949 941 2018 si
967 1951 1095 2021 Persae
1121 1950 1260 2020 Daritim
1285 1953 1372 2021 inter
1397 1970 1436 2020 ae
1464 1951 1615 2022 diuersos
1642 1953 1877 2023 distinxerunt.

97 2071 185 2141 vtnt
203 2069 260 2151 sit,
280 2065 342 2135 boc
361 2065 584 2154 inscriptionis
605 2067 678 2136 loco
692 2069 864 2137 memorari
876 2067 1039 2137 debebant
1058 2067 1206 2138 Dadtac.
1232 2070 1319 2139 Nam
1339 2067 1528 2138 Herodotus
1548 2068 1591 2139 ad
1612 2067 1799 2160 Satraptam
1810 2070 1872 2139 lll.¹

96 2192 249 2259 numerat
268 2181 444 2262 Koorrooc
463 2190 499 2251 et
519 2187 689 2274 Δαρειτας,
712 2203 757 2253 ex
777 2205 841 2273 quo
861 2184 1172 2273 sequitur,1loritas
1193 2187 1236 2254 ad
1257 2205 1346 2256 mare
1360 2184 1513 2274 Caspium
1525 2185 1704 2256 habitasse
1745 2189 1874 2262 Nostra

96 2323 182 2374 vero
205 2301 386 2391 inscriptio,
412 2319 496 2389 quoe
526 2302 735 2369 strictissimo
762 2301 876 2370 ordine
905 2309 1013 2371 terras
1041 2301 1159 2370 Persis
1186 2304 1375 2371 tributarios
1403 2311 1582 2394 enumerat,
1613 2305 1875 2394 primumcum,

98 2419 272 2511 Assyrios,
291 2417 368 2486 binc
388 2415 538 2507 populum
558 2417 688 2502 dictum,
707 2418 785 2487 binc
805 2419 991 2487 Armenios.
1029 2416 1103 2500 Qua
1123 2417 1167 2486 de
1187 2438 1289 2487 causa
1309 2419 1447 2508 populns
1468 2426 1584 2487 noster
1603 2421 1766 2502 Assyrios
1786 2421 1874 2488 inter

85 2539 135 2609 'et
156 2535 332 2608 Armenios
352 2533 396 2604 ad
415 2552 506 2603 marc
527 2531 694 2626 Caspium,
715 2557 779 2625 quo
800 2535 991 2608 Herodotus
1012 2533 1150 2604 Dorilao
1170 2538 1272 2624 ponit,
1293 2536 1490 2606 habitauerit
1511 2555 1654 2607 necesse
1674 2542 1742 2606 est.
1866 2543 1871 2552 ’

238 2705 326 2803 ru)
352 2701 414 2835 ἢ.
441 2702 518 2805 ξι.
542 2704 647 2804 tt:-
673 2707 731 2804 ῑῑ.
762 2717 832 2792 r=<
853 2737 907 2774 =
930 2725 1012 2816 pro
1036 2707 1090 2776 ε’
1114 2694 1207 2840 epp
1225 2719 1311 2790 noun
1332 2719 1611 2790 caticumenis.
1653 2720 1756 2790 rator
1775 2721 1874 2811 enm,

96 2855 165 2944 bic,
184 2853 270 2942 qnod
297 2851 590 2940 frequentissimum
617 2856 673 2918 cst
700 2853 868 2922 veteribus
888 2855 922 2922 in
944 2855 1108 2944 dialectis,
1128 2875 1163 2922 m
1182 2863 1262 2944 etp
1288 2854 1375 2923 inter
1394 2873 1434 2924 sc
1454 2856 1590 2925 coninsa
1609 2855 1725 2924 inisse.
1789 2855 1875 2924 llem

94 2971 198 3059 plane
219 2967 412 3038 corbariam
432 2965 601 3034 babuimus
620 2966 655 3034 in
675 2967 805 3036 nomine
828 2969 1015 3037 Aramaeoe
1034 2990 1088 3039 no.
1113 2971 1176 3040 ll.
1242 2957 1658 3058 bitemml<=13urnont
1684 2971 1873 3039 etLassen
1998 2975 2007 2982 '

94 3086 315 3177 pronuncient
333 3083 463 3172 quidem
483 3103 539 3170 m,-
559 3081 621 3152 sed
641 3084 760 3152 nemini
780 3083 876 3152 facile
895 3086 1154 3173 persuadebitur,
1177 3087 1303 3156 Persas
1324 3088 1358 3154 in
1384 3089 1560 3175 alphabeto
1581 3106 1642 3154 suo
1662 3087 1871 3173 conectunt,

95 3225 195 3294 quum
215 3203 250 3272 in
270 3200 418 3272 Zeudico
438 3208 474 3273 et
493 3201 699 3290 Neopcrsico
719 3221 784 3272 non
804 3202 980 3284 baberent,
995 3201 1151 3282 impuro
1164 3204 1248 3273 dnus
1268 3205 1384 3272 literas
1403 3223 1438 3270 m
1454 3195 1546 3282 *iil
1560 3209 1595 3271 et
1613 3190 1694 3289 ΚΞ.
1719 3203 1775 3269 An
1794 3221 1872 3272 cre·

96 3323 174 3412 des,
185 3320 313 3389 Persas
332 3320 479 3388 carnisse
500 3340 522 3408 p
542 3347 586 3378 =
605 3325 627 3383 n
651 3337 704 3373 =
728 3321 782 3404 d,
809 3320 895 3408 quod
905 3321 1081 3388 Persarum
1097 3319 1273 3408 nlpbabeto
1284 3321 1449 3418 antiquum
1469 3337 1575 3408 aeque
1595 3339 1636 3389 cc
1656 3337 1776 3388 recens
1787 3338 1870 3388 cou-

95 3429 233 3510 tinenti
289 3433 442 3508 Ceterum
461 3438 580 3505 literae
601 3421 673 3524 ΚΞ
701 3443 838 3536 propter
862 3438 1009 3506 mtioncs
1038 3437 1288 3506 combinatorins
1313 3441 1446 3526 nostras
1476 3437 1583 3504 nullus
1608 3453 1712 3504 sonus
1737 3441 1871 3522 praeter

96 3563 191 3621 ΒΞ·-
205 3555 246 3622 d
268 3555 365 3624 tribui
385 3555 492 3623 debet
554 3551 683 3623 Saltem
713 3555 938 3643 pronunc'urtio
964 3552 1112 3642 vulgaris
1139 3557 1251 3621 terrac
1276 3551 1452 3620 Armeniae
1481 3571 1548 3622 non
1577 3553 1696 3621 sumen
1725 3552 1799 3620 sola
1826 3550 1871 3618 ad
2010 3589 2013 3594 -

97 3663 313 3764 probandum,
348 3673 475 3741 literam
500 3655 576 3755 ΚΞ
597 3672 808 3740 valuissem.

256 3843 323 3934 lb]
348 3841 427 3938 lt,
451 3845 563 3937 ΕΠῙ·
593 3837 856 3943 ἧ·1Υἶ-·<ῆι
882 3841 942 3928 b:
974 3872 1028 3908 =
1050 3847 1157 3958 i'ipin'l'
1181 3871 1235 3908 =
1258 3830 1398 3989 ἕῳ,
1419 3850 1640 3944 Cappadocia.
1696 3850 1871 3921 Probabile

94 3990 194 4078 enim,
222 3991 357 4054 veteres
389 4005 447 4074 pro
476 4007 524 4076 pp
550 3989 612 4058 boc
639 3991 673 4058 in
699 3989 830 4059 nominc
850 3987 910 4074 tbp
930 3989 1179 4077 pronunciasse,
1200 4005 1285 4074 qrrae
1306 3988 1423 4057 literae
1451 3991 1559 4057 serius
1579 3986 1747 4057 unimus
1767 4003 1869 4054 causa

95 4107 158 4175 sibi
179 4101 440 4174 assimilarentur
461 4103 495 4171 in
514 4107 652 4192 mabam
670 4126 704 4195 p.
749 4103 905 4174 Ceterum
931 4103 1036 4172 denuo
1066 4105 1275 4192 cognoscitur
1301 4111 1415 4172 nostro
1443 4125 1489 4173 ex
1511 4115 1562 4187 rso,
1597 4106 1714 4173 literas
1742 4103 1867 4171 l‘crsa-

95 4241 165 4290 rnm
187 4219 377 4292 discriticas
397 4217 505 4290 lenius
524 4220 677 4291 sonuisse
697 4241 793 4310 quarn
813 4221 986 4308 genuinas.
1035 4219 1130 4305 Quod
1162 4219 1276 4290 volere
1301 4215 1434 4289 videtur
1460 4221 1561 4289 etiam
1587 4219 1637 4291 de.
1659 4219 1855 4350 Cliteras

96 4358 155 4426 pro
177 4341 346 4410 diacfitico
365 4356 432 4406 non
458 4377 515 4469 c,
535 4339 655 4468 sedc
676 4378 725 4396 -
676 4343 774 4404 -ΓΙ
799 4337 969 4408 habeatur.

250 4494 325 4593 ro)
349 4487 427 4592 ιξ
460 4487 506 4594 F
542 4481 689 4594 Etr*
657 4522 766 4594 ,τ-
718 4495 969 4584 -nnr-
922 4547 968 4566 -.
1002 4507 1111 4631 opo
1141 4507 1229 4577 naun
1262 4506 1359 4577 ruore
1396 4505 1575 4594 zoclen,
1609 4504 1700 4572 onus
1728 4503 1867 4573 nominis

96 4637 197 4708 uenio
217 4638 392 4728 Σασπερσι
412 4643 562 4710 occrnrit.
605 4639 745 4732 Sapires
768 4640 887 4710 saltem
907 4639 1097 4711 Herodotus
1118 4637 1242 4712 diserte
1261 4641 1392 4710 affert
1382 4661 1417 4709 ru
1441 4639 1598 4728 Satrapia
1629 4639 1755 4708 XVIll.
1797 4640 1865 4706 At-

97 4757 307 4844 quemntatio
327 4759 378 4822 3“
368 4776 451 4849 ruo,
471 4751 556 4828 bin
576 4784 600 4827 σ
619 4779 733 4848 parum
753 4756 897 4830 otlondit.

252 4909 324 5012 17)
348 4907 435 5009 R».
466 4913 536 5012 (ll-
568 4915 655 5015 ὲ(
688 4911 737 5017 ΠΙ
769 4939 812 4983 ²
846 4933 896 5007 illl
927 4945 980 4982 =
1006 4905 1073 5036 υἷε
1102 4927 1278 4998 secundnm
1307 4927 1459 5017 busson,
1494 4925 1549 5014 qul
1578 4909 1654 5010 Κ·
1672 4941 1732 5013 pro
1758 4919 1865 4988 bba-
