<?xml version="1.0" encoding="UTF-8"?>
<!DOCTYPE html PUBLIC "-//W3C//DTD XHTML 1.0 Transitional//EN"
    "http://www.w3.org/TR/xhtml1/DTD/xhtml1-transitional.dtd">
<html xmlns="http://www.w3.org/1999/xhtml" xml:lang="en" lang="en">
 <head>
  <title>
</title>
<meta http-equiv="Content-Type" content="text/html;charset=utf-8" />
  <meta name='ocr-system' content='tesseract 3.04.00' />
  <meta name='ocr-capabilities' content='ocr_page ocr_carea ocr_par ocr_line ocrx_word'/>
</head>
<body>
  <div class='ocr_page' id='page_1' title='image "./beitraegezurken01staagoog_0194.png"; bbox 0 0 4796 6106; ppageno 0'>
   <div class='ocr_carea' id='block_1_1' title="bbox 1252 589 1505 670">
    <p class='ocr_par' dir='ltr' id='par_1_1' title="bbox 1252 589 1505 670">
     <span class='ocr_line' id='line_1_1' title="bbox 1252 589 1505 670; baseline -0.016 -14"><span class='ocrx_word' id='word_1_1' title='bbox 1252 589 1505 670; x_wconf 74' lang='lat' dir='ltr'><strong>..ns-</strong></span> 
     </span>
    </p>
   </div>
   <div class='ocr_carea' id='block_1_2' title="bbox 493 784 2383 1585">
    <p class='ocr_par' dir='ltr' id='par_1_2' title="bbox 493 784 2383 1585">
     <span class='ocr_line' id='line_1_2' title="bbox 495 784 2264 885; baseline -0.002 -24"><span class='ocrx_word' id='word_1_2' title='bbox 495 803 600 885; x_wconf 76' lang='lat' dir='ltr'><strong>tepes,</strong></span> <span class='ocrx_word' id='word_1_3' title='bbox 620 795 669 862; x_wconf 90' lang='lat' dir='ltr'><strong>ita</strong></span> <span class='ocrx_word' id='word_1_4' title='bbox 691 793 766 862; x_wconf 90' lang='lat' dir='ltr'><strong>ludi</strong></span> <span class='ocrx_word' id='word_1_5' title='bbox 786 799 822 862; x_wconf 90' lang='lat' dir='ltr'><strong>et</strong></span> <span class='ocrx_word' id='word_1_6' title='bbox 842 793 1000 882; x_wconf 83' lang='lat' dir='ltr'><strong>Aegyptii</strong></span> <span class='ocrx_word' id='word_1_7' title='bbox 1021 811 1148 880; x_wconf 87' lang='lat' dir='ltr'><strong>quoque</strong></span> <span class='ocrx_word' id='word_1_8' title='bbox 1168 793 1319 862; x_wconf 78' lang='lat' dir='ltr'><strong>literrst</strong></span> <span class='ocrx_word' id='word_1_9' title='bbox 1344 799 1365 868; x_wconf 69' lang='grc' dir='ltr'>ν</span> <span class='ocrx_word' id='word_1_10' title='bbox 1389 799 1415 860; x_wconf 79' lang='lat' dir='ltr'><strong>n</strong></span> <span class='ocrx_word' id='word_1_11' title='bbox 1436 791 1684 878; x_wconf 84' lang='lat' dir='ltr'><strong>adscripserunt</strong></span> <span class='ocrx_word' id='word_1_12' title='bbox 1703 799 1737 874; x_wconf 71' lang='lat' dir='ltr'><strong>tt</strong></span> <span class='ocrx_word' id='word_1_13' title='bbox 1753 789 1825 860; x_wconf 90' lang='lat' dir='ltr'><strong>den.</strong></span> <span class='ocrx_word' id='word_1_14' title='bbox 1847 789 1963 876; x_wconf 84' lang='lat' dir='ltr'><strong>ltaque</strong></span> <span class='ocrx_word' id='word_1_15' title='bbox 1974 784 2148 874; x_wconf 82' lang='lat' dir='ltr'><strong>alphabeta</strong></span> <span class='ocrx_word' id='word_1_16' title='bbox 2160 793 2264 858; x_wconf 86' lang='lat' dir='ltr'><strong>vete-</strong></span> 
     </span>
     <span class='ocr_line' id='line_1_3' title="bbox 494 903 2383 1002; baseline -0.004 -20"><span class='ocrx_word' id='word_1_17' title='bbox 494 937 565 983; x_wconf 85' lang='lat' dir='ltr'><strong>rum</strong></span> <span class='ocrx_word' id='word_1_18' title='bbox 577 916 648 981; x_wconf 87' lang='lat' dir='ltr'><strong>sere</strong></span> <span class='ocrx_word' id='word_1_19' title='bbox 659 914 777 1001; x_wconf 89' lang='lat' dir='ltr'><strong>omnia,</strong></span> <span class='ocrx_word' id='word_1_20' title='bbox 790 933 885 1000; x_wconf 89' lang='lat' dir='ltr'><strong>quum</strong></span> <span class='ocrx_word' id='word_1_21' title='bbox 898 911 1065 999; x_wconf 88' lang='lat' dir='ltr'><strong>permultis</strong></span> <span class='ocrx_word' id='word_1_22' title='bbox 1078 911 1111 978; x_wconf 93' lang='lat' dir='ltr'><strong>iu</strong></span> <span class='ocrx_word' id='word_1_23' title='bbox 1123 913 1233 1002; x_wconf 90' lang='lat' dir='ltr'><strong>rebus,</strong></span> <span class='ocrx_word' id='word_1_24' title='bbox 1247 912 1289 980; x_wconf 87' lang='lat' dir='ltr'><strong>ab</strong></span> <span class='ocrx_word' id='word_1_25' title='bbox 1309 911 1383 998; x_wconf 91' lang='lat' dir='ltr'><strong>ipso</strong></span> <span class='ocrx_word' id='word_1_26' title='bbox 1399 911 1498 982; x_wconf 84' lang='lat' dir='ltr'><strong>etiam</strong></span> <span class='ocrx_word' id='word_1_27' title='bbox 1511 909 1644 978; x_wconf 86' lang='lat' dir='ltr'><strong>arbitrio</strong></span> <span class='ocrx_word' id='word_1_28' title='bbox 1659 909 1794 978; x_wconf 89' lang='lat' dir='ltr'><strong>humano</strong></span> <span class='ocrx_word' id='word_1_29' title='bbox 1810 907 2040 998; x_wconf 78' lang='lat' dir='ltr'>pendentibus,</span> <span class='ocrx_word' id='word_1_30' title='bbox 2056 903 2263 991; x_wconf 86' lang='lat' dir='ltr'><strong>conueniant,</strong></span> <span class='ocrx_word' id='word_1_31' title='bbox 2382 921 2383 952; x_wconf 59' lang='lat'>1</span> 
     </span>
     <span class='ocr_line' id='line_1_4' title="bbox 495 1022 2261 1117; baseline -0.005 -18"><span class='ocrx_word' id='word_1_32' title='bbox 495 1031 685 1100; x_wconf 79' lang='lat' dir='ltr'><strong>confirmant</strong></span> <span class='ocrx_word' id='word_1_33' title='bbox 707 1029 750 1112; x_wconf 87' lang='lat' dir='ltr'><strong>id,</strong></span> <span class='ocrx_word' id='word_1_34' title='bbox 773 1030 858 1117; x_wconf 87' lang='lat' dir='ltr'><strong>quod</strong></span> <span class='ocrx_word' id='word_1_35' title='bbox 880 1035 1016 1097; x_wconf 88' lang='lat' dir='ltr'><strong>veteres</strong></span> <span class='ocrx_word' id='word_1_36' title='bbox 1038 1029 1180 1110; x_wconf 88' lang='lat' dir='ltr'><strong>tradunt,</strong></span> <span class='ocrx_word' id='word_1_37' title='bbox 1204 1029 1311 1097; x_wconf 87' lang='lat' dir='ltr'><strong>Noam</strong></span> <span class='ocrx_word' id='word_1_38' title='bbox 1333 1036 1446 1098; x_wconf 84' lang='lat' dir='ltr'><strong>aetate</strong></span> <span class='ocrx_word' id='word_1_39' title='bbox 1467 1029 1576 1096; x_wconf 93' lang='lat' dir='ltr'><strong>diluuii</strong></span> <span class='ocrx_word' id='word_1_40' title='bbox 1597 1030 1764 1096; x_wconf 81' lang='lat' dir='ltr'><strong>inuenisse</strong></span> <span class='ocrx_word' id='word_1_41' title='bbox 1785 1027 1912 1094; x_wconf 88' lang='lat' dir='ltr'><strong>literas.</strong></span> <span class='ocrx_word' id='word_1_42' title='bbox 1956 1023 2083 1106; x_wconf 73' lang='lat' dir='ltr'><strong>enoda</strong></span> <span class='ocrx_word' id='word_1_43' title='bbox 2103 1022 2261 1109; x_wconf 82' lang='lat' dir='ltr'><strong>alphabe-</strong></span> 
     </span>
     <span class='ocr_line' id='line_1_5' title="bbox 495 1141 2261 1234; baseline -0.003 -20"><span class='ocrx_word' id='word_1_44' title='bbox 495 1153 562 1216; x_wconf 84' lang='lat' dir='ltr'><strong>tum</strong></span> <span class='ocrx_word' id='word_1_45' title='bbox 584 1149 687 1218; x_wconf 88' lang='lat' dir='ltr'><strong>semel</strong></span> <span class='ocrx_word' id='word_1_46' title='bbox 702 1153 736 1215; x_wconf 87' lang='lat' dir='ltr'><strong>et</strong></span> <span class='ocrx_word' id='word_1_47' title='bbox 748 1149 882 1232; x_wconf 88' lang='lat' dir='ltr'><strong>saepius</strong></span> <span class='ocrx_word' id='word_1_48' title='bbox 896 1148 1007 1215; x_wconf 89' lang='lat' dir='ltr'><strong>varias</strong></span> <span class='ocrx_word' id='word_1_49' title='bbox 1019 1146 1105 1234; x_wconf 90' lang='lat' dir='ltr'><strong>apud</strong></span> <span class='ocrx_word' id='word_1_50' title='bbox 1117 1153 1235 1230; x_wconf 81' lang='lat' dir='ltr'><strong>gentes</strong></span> <span class='ocrx_word' id='word_1_51' title='bbox 1251 1141 1414 1216; x_wconf 82' lang='lat' dir='ltr'><strong>inuentum</strong></span> <span class='ocrx_word' id='word_1_52' title='bbox 1429 1153 1532 1234; x_wconf 88' lang='lat' dir='ltr'><strong>esset,</strong></span> <span class='ocrx_word' id='word_1_53' title='bbox 1545 1152 1595 1212; x_wconf 91' lang='lat' dir='ltr'><strong>tot</strong></span> <span class='ocrx_word' id='word_1_54' title='bbox 1608 1145 1782 1232; x_wconf 87' lang='lat' dir='ltr'><strong>alphabeta</strong></span> <span class='ocrx_word' id='word_1_55' title='bbox 1796 1144 1881 1212; x_wconf 85' lang='lat' dir='ltr'><strong>adeo</strong></span> <span class='ocrx_word' id='word_1_56' title='bbox 1891 1145 1977 1211; x_wconf 90' lang='lat' dir='ltr'><strong>inter</strong></span> <span class='ocrx_word' id='word_1_57' title='bbox 1988 1161 2028 1210; x_wconf 90' lang='lat' dir='ltr'><strong>se</strong></span> <span class='ocrx_word' id='word_1_58' title='bbox 2041 1162 2107 1210; x_wconf 90' lang='lat' dir='ltr'><strong>nou</strong></span> <span class='ocrx_word' id='word_1_59' title='bbox 2119 1159 2261 1208; x_wconf 87' lang='lat' dir='ltr'><strong>cousen-</strong></span> 
     </span>
     <span class='ocr_line' id='line_1_6' title="bbox 493 1260 2262 1350; baseline -0.001 -20"><span class='ocrx_word' id='word_1_60' title='bbox 493 1266 604 1332; x_wconf 89' lang='lat' dir='ltr'><strong>tireut.</strong></span> <span class='ocrx_word' id='word_1_61' title='bbox 648 1264 822 1330; x_wconf 82' lang='lat' dir='ltr'><strong>Maximum</strong></span> <span class='ocrx_word' id='word_1_62' title='bbox 843 1264 930 1332; x_wconf 83' lang='lat' dir='ltr'><strong>foret</strong></span> <span class='ocrx_word' id='word_1_63' title='bbox 949 1265 1146 1350; x_wconf 79' lang='lat' dir='ltr'><strong>miraculum,</strong></span> <span class='ocrx_word' id='word_1_64' title='bbox 1168 1265 1270 1330; x_wconf 92' lang='lat' dir='ltr'><strong>variis</strong></span> <span class='ocrx_word' id='word_1_65' title='bbox 1292 1284 1334 1329; x_wconf 91' lang='lat' dir='ltr'><strong>ex</strong></span> <span class='ocrx_word' id='word_1_66' title='bbox 1346 1265 1505 1331; x_wconf 93' lang='lat' dir='ltr'><strong>hominum</strong></span> <span class='ocrx_word' id='word_1_67' title='bbox 1525 1264 1665 1350; x_wconf 80' lang='lat' dir='ltr'><strong>ingeniis</strong></span> <span class='ocrx_word' id='word_1_68' title='bbox 1685 1264 1772 1330; x_wconf 89' lang='lat' dir='ltr'><strong>idem</strong></span> <span class='ocrx_word' id='word_1_69' title='bbox 1793 1264 1889 1349; x_wconf 84' lang='lat' dir='ltr'><strong>plane</strong></span> <span class='ocrx_word' id='word_1_70' title='bbox 1909 1260 2118 1349; x_wconf 73' lang='lat' dir='ltr'><strong>alphabetum</strong></span> <span class='ocrx_word' id='word_1_71' title='bbox 2140 1261 2262 1328; x_wconf 84' lang='lat' dir='ltr'><strong>enasci.</strong></span> 
     </span>
     <span class='ocr_line' id='line_1_7' title="bbox 493 1377 2261 1468; baseline -0.003 -18"><span class='ocrx_word' id='word_1_72' title='bbox 493 1383 677 1468; x_wconf 81' lang='lat' dir='ltr'><strong>Faciamus,</strong></span> <span class='ocrx_word' id='word_1_73' title='bbox 696 1381 811 1447; x_wconf 84' lang='lat' dir='ltr'><strong>literas</strong></span> <span class='ocrx_word' id='word_1_74' title='bbox 834 1388 965 1448; x_wconf 88' lang='lat' dir='ltr'><strong>nostras</strong></span> <span class='ocrx_word' id='word_1_75' title='bbox 985 1387 1097 1448; x_wconf 85' lang='lat' dir='ltr'><strong>aetate</strong></span> <span class='ocrx_word' id='word_1_76' title='bbox 1118 1380 1222 1446; x_wconf 85' lang='lat' dir='ltr'><strong>blesis</strong></span> <span class='ocrx_word' id='word_1_77' title='bbox 1243 1382 1396 1448; x_wconf 83' lang='lat' dir='ltr'><strong>inuentos</strong></span> <span class='ocrx_word' id='word_1_78' title='bbox 1418 1383 1542 1448; x_wconf 89' lang='lat' dir='ltr'><strong>sensim</strong></span> <span class='ocrx_word' id='word_1_79' title='bbox 1563 1381 1750 1467; x_wconf 79' lang='lat' dir='ltr'><strong>sensimque</strong></span> <span class='ocrx_word' id='word_1_80' title='bbox 1771 1381 1915 1466; x_wconf 89' lang='lat' dir='ltr'><strong>reliquos</strong></span> <span class='ocrx_word' id='word_1_81' title='bbox 1936 1377 1978 1446; x_wconf 88' lang='lat' dir='ltr'><strong>ad</strong></span> <span class='ocrx_word' id='word_1_82' title='bbox 1998 1379 2137 1466; x_wconf 90' lang='lat' dir='ltr'><strong>populos</strong></span> <span class='ocrx_word' id='word_1_83' title='bbox 2153 1385 2261 1444; x_wconf 73' lang='lat' dir='ltr'><strong>huns-</strong></span> 
     </span>
     <span class='ocr_line' id='line_1_8' title="bbox 494 1489 2262 1585; baseline -0.003 -19"><span class='ocrx_word' id='word_1_84' title='bbox 494 1499 586 1579; x_wconf 86' lang='lat' dir='ltr'><strong>iisse,</strong></span> <span class='ocrx_word' id='word_1_85' title='bbox 609 1495 684 1584; x_wconf 86' lang='lat' dir='ltr'><strong>quid</strong></span> <span class='ocrx_word' id='word_1_86' title='bbox 706 1489 797 1565; x_wconf 75' lang='lat' dir='ltr'><strong>lumi</strong></span> <span class='ocrx_word' id='word_1_87' title='bbox 842 1489 984 1566; x_wconf 84' lang='lat' dir='ltr'><strong>Obstant</strong></span> <span class='ocrx_word' id='word_1_88' title='bbox 1006 1500 1107 1585; x_wconf 89' lang='lat' dir='ltr'><strong>primo</strong></span> <span class='ocrx_word' id='word_1_89' title='bbox 1128 1496 1254 1564; x_wconf 89' lang='lat' dir='ltr'><strong>diserta</strong></span> <span class='ocrx_word' id='word_1_90' title='bbox 1276 1504 1425 1566; x_wconf 91' lang='lat' dir='ltr'><strong>veterum</strong></span> <span class='ocrx_word' id='word_1_91' title='bbox 1447 1498 1642 1566; x_wconf 88' lang='lat' dir='ltr'><strong>testimonia.</strong></span> <span class='ocrx_word' id='word_1_92' title='bbox 1697 1495 1829 1563; x_wconf 83' lang='lat' dir='ltr'><strong>Deinde</strong></span> <span class='ocrx_word' id='word_1_93' title='bbox 1851 1497 1987 1584; x_wconf 86' lang='lat' dir='ltr'><strong>quaeuis</strong></span> <span class='ocrx_word' id='word_1_94' title='bbox 2000 1494 2262 1582; x_wconf 86' lang='lat' dir='ltr'><strong>uatioalpbabe-</strong></span> 
     </span>
    </p>
   </div>
   <div class='ocr_carea' id='block_1_3' title="bbox 457 1609 2264 3934">
    <p class='ocr_par' dir='ltr' id='par_1_3' title="bbox 493 1609 2264 1940">
     <span class='ocr_line' id='line_1_9' title="bbox 495 1609 2264 1702; baseline -0.002 -20"><span class='ocrx_word' id='word_1_95' title='bbox 495 1622 562 1684; x_wconf 92' lang='lat' dir='ltr'><strong>tum</strong></span> <span class='ocrx_word' id='word_1_96' title='bbox 581 1615 709 1683; x_wconf 81' lang='lat' dir='ltr'><strong>aliunde</strong></span> <span class='ocrx_word' id='word_1_97' title='bbox 728 1617 865 1702; x_wconf 88' lang='lat' dir='ltr'><strong>petitum</strong></span> <span class='ocrx_word' id='word_1_98' title='bbox 886 1623 1047 1685; x_wconf 72' lang='lat' dir='ltr'><strong>mutasset</strong></span> <span class='ocrx_word' id='word_1_99' title='bbox 1068 1635 1128 1682; x_wconf 89' lang='lat' dir='ltr'><strong>suo</strong></span> <span class='ocrx_word' id='word_1_100' title='bbox 1149 1635 1194 1681; x_wconf 92' lang='lat' dir='ltr'><strong>ex</strong></span> <span class='ocrx_word' id='word_1_101' title='bbox 1214 1617 1323 1701; x_wconf 85' lang='lat' dir='ltr'><strong>genio.</strong></span> <span class='ocrx_word' id='word_1_102' title='bbox 1390 1609 1490 1683; x_wconf 78' lang='lat' dir='ltr'><strong>Certe</strong></span> <span class='ocrx_word' id='word_1_103' title='bbox 1511 1615 1642 1683; x_wconf 88' lang='lat' dir='ltr'><strong>nomina</strong></span> <span class='ocrx_word' id='word_1_104' title='bbox 1662 1615 1827 1681; x_wconf 88' lang='lat' dir='ltr'><strong>literarum</strong></span> <span class='ocrx_word' id='word_1_105' title='bbox 1849 1615 1989 1682; x_wconf 83' lang='lat' dir='ltr'><strong>obscura</strong></span> <span class='ocrx_word' id='word_1_106' title='bbox 2019 1615 2264 1681; x_wconf 80' lang='lat' dir='ltr'><strong>transtulissent</strong></span> 
     </span>
     <span class='ocr_line' id='line_1_10' title="bbox 493 1731 2262 1822; baseline -0.002 -23"><span class='ocrx_word' id='word_1_107' title='bbox 493 1733 527 1799; x_wconf 94' lang='lat' dir='ltr'><strong>in</strong></span> <span class='ocrx_word' id='word_1_108' title='bbox 548 1733 736 1815; x_wconf 85' lang='lat' dir='ltr'><strong>vernacula,</strong></span> <span class='ocrx_word' id='word_1_109' title='bbox 756 1735 871 1801; x_wconf 84' lang='lat' dir='ltr'><strong>literas</strong></span> <span class='ocrx_word' id='word_1_110' title='bbox 893 1737 1075 1822; x_wconf 81' lang='lat' dir='ltr'><strong>superfluas</strong></span> <span class='ocrx_word' id='word_1_111' title='bbox 1096 1733 1285 1822; x_wconf 87' lang='lat' dir='ltr'><strong>eiecisseot,</strong></span> <span class='ocrx_word' id='word_1_112' title='bbox 1304 1751 1408 1800; x_wconf 86' lang='lat' dir='ltr'><strong>nouas</strong></span> <span class='ocrx_word' id='word_1_113' title='bbox 1429 1733 1664 1818; x_wconf 74' lang='lat' dir='ltr'><strong>edeciment,</strong></span> <span class='ocrx_word' id='word_1_114' title='bbox 1680 1731 1826 1800; x_wconf 90' lang='lat' dir='ltr'><strong>ordinem</strong></span> <span class='ocrx_word' id='word_1_115' title='bbox 1841 1731 2002 1800; x_wconf 81' lang='lat' dir='ltr'><strong>vocalium</strong></span> <span class='ocrx_word' id='word_1_116' title='bbox 2021 1737 2060 1798; x_wconf 89' lang='lat' dir='ltr'><strong>et</strong></span> <span class='ocrx_word' id='word_1_117' title='bbox 2079 1747 2262 1797; x_wconf 83' lang='lat' dir='ltr'><strong>consonan-</strong></span> 
     </span>
     <span class='ocr_line' id='line_1_11' title="bbox 494 1850 1644 1940; baseline -0.001 -24"><span class='ocrx_word' id='word_1_118' title='bbox 494 1851 574 1918; x_wconf 91' lang='lat' dir='ltr'><strong>tium</strong></span> <span class='ocrx_word' id='word_1_119' title='bbox 595 1852 830 1940; x_wconf 85' lang='lat' dir='ltr'><strong>correxissent,</strong></span> <span class='ocrx_word' id='word_1_120' title='bbox 854 1853 975 1936; x_wconf 82' lang='lat' dir='ltr'><strong>ligures</strong></span> <span class='ocrx_word' id='word_1_121' title='bbox 998 1850 1148 1917; x_wconf 85' lang='lat' dir='ltr'><strong>ditiiciles</strong></span> <span class='ocrx_word' id='word_1_122' title='bbox 1170 1851 1366 1918; x_wconf 81' lang='lat' dir='ltr'><strong>facilioribus</strong></span> <span class='ocrx_word' id='word_1_123' title='bbox 1388 1851 1644 1939; x_wconf 80' lang='lat' dir='ltr'><strong>expressissent</strong></span> 
     </span>
    </p>

    <p class='ocr_par' dir='ltr' id='par_1_4' title="bbox 457 1962 2264 3934">
     <span class='ocr_line' id='line_1_12' title="bbox 647 1962 2261 2056; baseline -0.002 -23"><span class='ocrx_word' id='word_1_124' title='bbox 647 1963 696 2056; x_wconf 78' lang='lat' dir='ltr'><strong>a)</strong></span> <span class='ocrx_word' id='word_1_125' title='bbox 717 1969 794 2035; x_wconf 88' lang='lat' dir='ltr'><strong>Non</strong></span> <span class='ocrx_word' id='word_1_126' title='bbox 823 1971 953 2048; x_wconf 75' lang='lat' dir='ltr'><strong>sufficit,</strong></span> <span class='ocrx_word' id='word_1_127' title='bbox 977 1977 1112 2036; x_wconf 87' lang='lat' dir='ltr'><strong>veteres</strong></span> <span class='ocrx_word' id='word_1_128' title='bbox 1141 1968 1175 2035; x_wconf 91' lang='lat' dir='ltr'><strong>in</strong></span> <span class='ocrx_word' id='word_1_129' title='bbox 1199 1971 1387 2036; x_wconf 86' lang='lat' dir='ltr'><strong>uniuersum</strong></span> <span class='ocrx_word' id='word_1_130' title='bbox 1407 1969 1532 2036; x_wconf 84' lang='lat' dir='ltr'><strong>reterre</strong></span> <span class='ocrx_word' id='word_1_131' title='bbox 1553 1967 1595 2035; x_wconf 87' lang='lat' dir='ltr'><strong>ad</strong></span> <span class='ocrx_word' id='word_1_132' title='bbox 1617 1965 1727 2032; x_wconf 89' lang='lat' dir='ltr'><strong>diluuii</strong></span> <span class='ocrx_word' id='word_1_133' title='bbox 1748 1971 1891 2034; x_wconf 74' lang='lat' dir='ltr'><strong>comtem</strong></span> <span class='ocrx_word' id='word_1_134' title='bbox 1915 1965 2081 2052; x_wconf 79' lang='lat' dir='ltr'><strong>alphabeti</strong></span> <span class='ocrx_word' id='word_1_135' title='bbox 2103 1962 2261 2031; x_wconf 90' lang='lat' dir='ltr'><strong>inuentio-</strong></span> 
     </span>
     <span class='ocr_line' id='line_1_13' title="bbox 495 2084 2262 2174; baseline -0.001 -26"><span class='ocrx_word' id='word_1_136' title='bbox 495 2101 588 2162; x_wconf 81' lang='lat' dir='ltr'><strong>nem3</strong></span> <span class='ocrx_word' id='word_1_137' title='bbox 624 2089 701 2149; x_wconf 91' lang='lat' dir='ltr'><strong>suut</strong></span> <span class='ocrx_word' id='word_1_138' title='bbox 729 2103 855 2174; x_wconf 78' lang='lat' dir='ltr'><strong>quoque</strong></span> <span class='ocrx_word' id='word_1_139' title='bbox 886 2086 1080 2154; x_wconf 88' lang='lat' dir='ltr'><strong>traditiones</strong></span> <span class='ocrx_word' id='word_1_140' title='bbox 1108 2086 1172 2152; x_wconf 88' lang='lat' dir='ltr'><strong>hae</strong></span> <span class='ocrx_word' id='word_1_141' title='bbox 1198 2086 1242 2154; x_wconf 90' lang='lat' dir='ltr'><strong>de</strong></span> <span class='ocrx_word' id='word_1_142' title='bbox 1270 2107 1307 2153; x_wconf 88' lang='lat' dir='ltr'><strong>re</strong></span> <span class='ocrx_word' id='word_1_143' title='bbox 1335 2087 1435 2153; x_wconf 92' lang='lat' dir='ltr'><strong>multo</strong></span> <span class='ocrx_word' id='word_1_144' title='bbox 1464 2086 1696 2172; x_wconf 89' lang='lat' dir='ltr'><strong>accuratiores,</strong></span> <span class='ocrx_word' id='word_1_145' title='bbox 1717 2103 1761 2150; x_wconf 88' lang='lat' dir='ltr'><strong>cx</strong></span> <span class='ocrx_word' id='word_1_146' title='bbox 1782 2084 1898 2171; x_wconf 92' lang='lat' dir='ltr'><strong>quibus</strong></span> <span class='ocrx_word' id='word_1_147' title='bbox 1918 2089 2023 2170; x_wconf 87' lang='lat' dir='ltr'><strong>patet,</strong></span> <span class='ocrx_word' id='word_1_148' title='bbox 2047 2085 2209 2170; x_wconf 74' lang='lat' dir='ltr'><strong>utromodo</strong></span> <span class='ocrx_word' id='word_1_149' title='bbox 2229 2088 2262 2147; x_wconf 88' lang='lat' dir='ltr'><strong>et</strong></span> 
     </span>
     <span class='ocr_line' id='line_1_14' title="bbox 495 2200 2261 2290; baseline -0.001 -24"><span class='ocrx_word' id='word_1_150' title='bbox 495 2201 630 2286; x_wconf 80' lang='lat' dir='ltr'><strong>quando</strong></span> <span class='ocrx_word' id='word_1_151' title='bbox 652 2201 749 2268; x_wconf 87' lang='lat' dir='ltr'><strong>Nuab</strong></span> <span class='ocrx_word' id='word_1_152' title='bbox 769 2201 976 2288; x_wconf 85' lang='lat' dir='ltr'><strong>alphabetum</strong></span> <span class='ocrx_word' id='word_1_153' title='bbox 996 2202 1199 2270; x_wconf 84' lang='lat' dir='ltr'><strong>instruxerit.</strong></span> <span class='ocrx_word' id='word_1_154' title='bbox 1266 2202 1404 2271; x_wconf 83' lang='lat' dir='ltr'><strong>Scilicet</strong></span> <span class='ocrx_word' id='word_1_155' title='bbox 1425 2201 1695 2270; x_wconf 91' lang='lat' dir='ltr'><strong>Sancbuniathou</strong></span> <span class='ocrx_word' id='word_1_156' title='bbox 1716 2201 1961 2290; x_wconf 87' lang='lat' dir='ltr'><strong>antiquissimus</strong></span> <span class='ocrx_word' id='word_1_157' title='bbox 1990 2200 2190 2268; x_wconf 88' lang='lat' dir='ltr'><strong>Phoenicum</strong></span> <span class='ocrx_word' id='word_1_158' title='bbox 2210 2200 2261 2264; x_wconf 88' lang='lat' dir='ltr'><strong>hi·</strong></span> 
     </span>
     <span class='ocr_line' id='line_1_15' title="bbox 494 2315 2260 2412; baseline -0.001 -28"><span class='ocrx_word' id='word_1_159' title='bbox 494 2319 635 2384; x_wconf 85' lang='lat' dir='ltr'><strong>storicus</strong></span> <span class='ocrx_word' id='word_1_160' title='bbox 658 2318 740 2386; x_wconf 88' lang='lat' dir='ltr'><strong>haee</strong></span> <span class='ocrx_word' id='word_1_161' title='bbox 761 2326 887 2387; x_wconf 88' lang='lat' dir='ltr'><strong>narrat:</strong></span> <span class='ocrx_word' id='word_1_162' title='bbox 910 2321 1071 2387; x_wconf 84' lang='lat' dir='ltr'><strong>Taautum</strong></span> <span class='ocrx_word' id='word_1_163' title='bbox 1091 2320 1245 2388; x_wconf 89' lang='lat' dir='ltr'><strong>decimum</strong></span> <span class='ocrx_word' id='word_1_164' title='bbox 1267 2341 1288 2387; x_wconf 89' lang='lat' dir='ltr'><strong>a</strong></span> <span class='ocrx_word' id='word_1_165' title='bbox 1317 2321 1503 2407; x_wconf 85' lang='lat' dir='ltr'><strong>Protogene</strong></span> <span class='ocrx_word' id='word_1_166' title='bbox 1532 2315 1790 2412; x_wconf 77' lang='lat' dir='ltr'><strong>(primogenito)</strong></span> <span class='ocrx_word' id='word_1_167' title='bbox 1818 2319 2034 2406; x_wconf 83' lang='lat' dir='ltr'><strong>progenitum,</strong></span> <span class='ocrx_word' id='word_1_168' title='bbox 2056 2336 2134 2402; x_wconf 82' lang='lat' dir='ltr'><strong>ergo</strong></span> <span class='ocrx_word' id='word_1_169' title='bbox 2156 2317 2260 2382; x_wconf 86' lang='lat' dir='ltr'><strong>Neam</strong></span> 
     </span>
     <span class='ocr_line' id='line_1_16' title="bbox 495 2433 2260 2527; baseline -0.002 -24"><span class='ocrx_word' id='word_1_170' title='bbox 495 2433 652 2503; x_wconf 86' lang='lat' dir='ltr'><strong>decimum</strong></span> <span class='ocrx_word' id='word_1_171' title='bbox 674 2437 715 2502; x_wconf 90' lang='lat' dir='ltr'><strong>ab</strong></span> <span class='ocrx_word' id='word_1_172' title='bbox 737 2435 863 2503; x_wconf 81' lang='lat' dir='ltr'><strong>Adamo</strong></span> <span class='ocrx_word' id='word_1_173' title='bbox 886 2440 1102 2527; x_wconf 84' lang='lat' dir='ltr'><strong>progenitum,</strong></span> <span class='ocrx_word' id='word_1_174' title='bbox 1123 2445 1199 2525; x_wconf 91' lang='lat' dir='ltr'><strong>post</strong></span> <span class='ocrx_word' id='word_1_175' title='bbox 1220 2439 1316 2504; x_wconf 85' lang='lat' dir='ltr'><strong>finem</strong></span> <span class='ocrx_word' id='word_1_176' title='bbox 1338 2437 1460 2527; x_wconf 88' lang='lat' dir='ltr'><strong>diluuii,</strong></span> <span class='ocrx_word' id='word_1_177' title='bbox 1481 2456 1576 2524; x_wconf 87' lang='lat' dir='ltr'><strong>quum</strong></span> <span class='ocrx_word' id='word_1_178' title='bbox 1597 2443 1755 2504; x_wconf 88' lang='lat' dir='ltr'><strong>terrarum</strong></span> <span class='ocrx_word' id='word_1_179' title='bbox 1776 2437 1931 2522; x_wconf 83' lang='lat' dir='ltr'><strong>regiones</strong></span> <span class='ocrx_word' id='word_1_180' title='bbox 1944 2437 2029 2503; x_wconf 89' lang='lat' dir='ltr'><strong>inter</strong></span> <span class='ocrx_word' id='word_1_181' title='bbox 2045 2434 2125 2502; x_wconf 88' lang='lat' dir='ltr'><strong>deos</strong></span> <span class='ocrx_word' id='word_1_182' title='bbox 2143 2434 2260 2521; x_wconf 86' lang='lat' dir='ltr'><strong>plane-</strong></span> 
     </span>
     <span class='ocr_line' id='line_1_17' title="bbox 495 2551 2260 2644; baseline -0.002 -24"><span class='ocrx_word' id='word_1_183' title='bbox 495 2559 550 2620; x_wconf 85' lang='lat' dir='ltr'><strong>tas</strong></span> <span class='ocrx_word' id='word_1_184' title='bbox 574 2552 815 2634; x_wconf 89' lang='lat' dir='ltr'><strong>diuiderentur‚</strong></span> <span class='ocrx_word' id='word_1_185' title='bbox 843 2555 1010 2621; x_wconf 88' lang='lat' dir='ltr'><strong>inuenisse</strong></span> <span class='ocrx_word' id='word_1_186' title='bbox 1037 2554 1262 2643; x_wconf 85' lang='lat' dir='ltr'><strong>alphabetum,</strong></span> <span class='ocrx_word' id='word_1_187' title='bbox 1289 2557 1337 2620; x_wconf 93' lang='lat' dir='ltr'><strong>ita</strong></span> <span class='ocrx_word' id='word_1_188' title='bbox 1364 2554 1510 2644; x_wconf 87' lang='lat' dir='ltr'><strong>quidem,</strong></span> <span class='ocrx_word' id='word_1_189' title='bbox 1533 2561 1571 2622; x_wconf 91' lang='lat' dir='ltr'><strong>vt</strong></span> <span class='ocrx_word' id='word_1_190' title='bbox 1601 2557 1780 2622; x_wconf 75' lang='lat' dir='ltr'><strong>imitaretur</strong></span> <span class='ocrx_word' id='word_1_191' title='bbox 1801 2554 1981 2622; x_wconf 84' lang='lat' dir='ltr'><strong>Zodiacum</strong></span> <span class='ocrx_word' id='word_1_192' title='bbox 2003 2553 2073 2619; x_wconf 86' lang='lat' dir='ltr'><strong>siue</strong></span> <span class='ocrx_word' id='word_1_193' title='bbox 2095 2551 2260 2619; x_wconf 85' lang='lat' dir='ltr'><strong>duodecim</strong></span> 
     </span>
     <span class='ocr_line' id='line_1_18' title="bbox 457 2661 2259 2764; baseline -0.002 -28"><span class='ocrx_word' id='word_1_194' title='bbox 457 2661 459 2666; x_wconf 65' lang='grc'><em>’</em></span> <span class='ocrx_word' id='word_1_195' title='bbox 495 2671 591 2756; x_wconf 84' lang='lat' dir='ltr'><strong>sigua</strong></span> <span class='ocrx_word' id='word_1_196' title='bbox 614 2671 782 2750; x_wconf 87' lang='lat' dir='ltr'><strong>coelestia,</strong></span> <span class='ocrx_word' id='word_1_197' title='bbox 805 2669 929 2736; x_wconf 82' lang='lat' dir='ltr'><strong>Partim</strong></span> <span class='ocrx_word' id='word_1_198' title='bbox 951 2667 1072 2758; x_wconf 78' lang='grc' dir='ltr'>(ὄψεις)</span> <span class='ocrx_word' id='word_1_199' title='bbox 1086 2671 1184 2760; x_wconf 81' lang='lat' dir='ltr'><strong>dicta,</strong></span> <span class='ocrx_word' id='word_1_200' title='bbox 1205 2672 1373 2740; x_wconf 90' lang='lat' dir='ltr'><strong>duodecim</strong></span> <span class='ocrx_word' id='word_1_201' title='bbox 1395 2673 1529 2740; x_wconf 89' lang='lat' dir='ltr'><strong>deorum</strong></span> <span class='ocrx_word' id='word_1_202' title='bbox 1550 2668 1719 2764; x_wconf 69' lang='lat' dir='ltr'><strong>domos4).</strong></span> <span class='ocrx_word' id='word_1_203' title='bbox 1761 2670 1833 2756; x_wconf 76' lang='lat' dir='ltr'><strong>Qua</strong></span> <span class='ocrx_word' id='word_1_204' title='bbox 1854 2692 1897 2740; x_wconf 91' lang='lat' dir='ltr'><strong>ex</strong></span> <span class='ocrx_word' id='word_1_205' title='bbox 1920 2669 2097 2739; x_wconf 88' lang='lat' dir='ltr'><strong>traditione</strong></span> <span class='ocrx_word' id='word_1_206' title='bbox 2117 2673 2259 2756; x_wconf 85' lang='lat' dir='ltr'><strong>apparet,</strong></span> 
     </span>
     <span class='ocr_line' id='line_1_19' title="bbox 495 2787 2261 2878; baseline -0.002 -24"><span class='ocrx_word' id='word_1_207' title='bbox 495 2787 700 2874; x_wconf 88' lang='lat' dir='ltr'><strong>alphabetum</strong></span> <span class='ocrx_word' id='word_1_208' title='bbox 721 2788 813 2855; x_wconf 90' lang='lat' dir='ltr'><strong>initio</strong></span> <span class='ocrx_word' id='word_1_209' title='bbox 836 2789 877 2855; x_wconf 89' lang='lat' dir='ltr'><strong>ad</strong></span> <span class='ocrx_word' id='word_1_210' title='bbox 899 2789 1079 2856; x_wconf 86' lang='lat' dir='ltr'><strong>Zudiacum</strong></span> <span class='ocrx_word' id='word_1_211' title='bbox 1101 2797 1295 2878; x_wconf 89' lang='lat' dir='ltr'><strong>spectasse,</strong></span> <span class='ocrx_word' id='word_1_212' title='bbox 1325 2791 1431 2878; x_wconf 90' lang='lat' dir='ltr'><strong>qualis</strong></span> <span class='ocrx_word' id='word_1_213' title='bbox 1460 2791 1516 2858; x_wconf 93' lang='lat' dir='ltr'><strong>ille</strong></span> <span class='ocrx_word' id='word_1_214' title='bbox 1543 2792 1641 2858; x_wconf 82' lang='lat' dir='ltr'><strong>tuerit</strong></span> <span class='ocrx_word' id='word_1_215' title='bbox 1668 2790 1728 2856; x_wconf 89' lang='lat' dir='ltr'><strong>sub</strong></span> <span class='ocrx_word' id='word_1_216' title='bbox 1749 2789 1845 2858; x_wconf 90' lang='lat' dir='ltr'><strong>tinem</strong></span> <span class='ocrx_word' id='word_1_217' title='bbox 1866 2790 1977 2857; x_wconf 90' lang='lat' dir='ltr'><strong>diluuii</strong></span> <span class='ocrx_word' id='word_1_218' title='bbox 1998 2791 2203 2876; x_wconf 88' lang='lat' dir='ltr'><strong>comparatus</strong></span> <span class='ocrx_word' id='word_1_219' title='bbox 2223 2803 2261 2852; x_wconf 87' lang='lat' dir='ltr'><strong>ac</strong></span> 
     </span>
     <span class='ocr_line' id='line_1_20' title="bbox 494 2903 2261 2996; baseline 0 -25"><span class='ocrx_word' id='word_1_220' title='bbox 494 2910 622 2990; x_wconf 87' lang='lat' dir='ltr'><strong>septem</strong></span> <span class='ocrx_word' id='word_1_221' title='bbox 644 2913 792 2972; x_wconf 90' lang='lat' dir='ltr'><strong>veterum</strong></span> <span class='ocrx_word' id='word_1_222' title='bbox 813 2906 956 2993; x_wconf 90' lang='lat' dir='ltr'><strong>planetis</strong></span> <span class='ocrx_word' id='word_1_223' title='bbox 977 2906 1162 2975; x_wconf 88' lang='lat' dir='ltr'><strong>distinctus.</strong></span> <span class='ocrx_word' id='word_1_224' title='bbox 1225 2907 1279 2975; x_wconf 79' lang='lat' dir='ltr'><strong>lin</strong></span> <span class='ocrx_word' id='word_1_225' title='bbox 1311 2907 1519 2975; x_wconf 89' lang='lat' dir='ltr'><strong>traditionem</strong></span> <span class='ocrx_word' id='word_1_226' title='bbox 1547 2909 1686 2976; x_wconf 88' lang='lat' dir='ltr'><strong>maxime</strong></span> <span class='ocrx_word' id='word_1_227' title='bbox 1709 2909 1918 2996; x_wconf 84' lang='lat' dir='ltr'><strong>singularem,</strong></span> <span class='ocrx_word' id='word_1_228' title='bbox 1936 2927 2030 2996; x_wconf 84' lang='lat' dir='ltr'><strong>quae,</strong></span> <span class='ocrx_word' id='word_1_229' title='bbox 2052 2905 2139 2996; x_wconf 90' lang='lat' dir='ltr'><strong>qnod</strong></span> <span class='ocrx_word' id='word_1_230' title='bbox 2160 2903 2261 2989; x_wconf 83' lang='lat' dir='ltr'><strong>magis</strong></span> 
     </span>
     <span class='ocr_line' id='line_1_21' title="bbox 493 3019 2260 3114; baseline -0.001 -24"><span class='ocrx_word' id='word_1_231' title='bbox 493 3023 601 3090; x_wconf 88' lang='lat' dir='ltr'><strong>mirari</strong></span> <span class='ocrx_word' id='word_1_232' title='bbox 623 3019 713 3108; x_wconf 90' lang='lat' dir='ltr'><strong>licet,</strong></span> <span class='ocrx_word' id='word_1_233' title='bbox 734 3025 897 3111; x_wconf 88' lang='lat' dir='ltr'><strong>reperitur</strong></span> <span class='ocrx_word' id='word_1_234' title='bbox 918 3022 1004 3111; x_wconf 91' lang='lat' dir='ltr'><strong>apud</strong></span> <span class='ocrx_word' id='word_1_235' title='bbox 1035 3025 1232 3114; x_wconf 84' lang='lat' dir='ltr'><strong>Chaldaeos,</strong></span> <span class='ocrx_word' id='word_1_236' title='bbox 1253 3033 1291 3092; x_wconf 90' lang='lat' dir='ltr'><strong>vt</strong></span> <span class='ocrx_word' id='word_1_237' title='bbox 1318 3045 1420 3113; x_wconf 88' lang='lat' dir='ltr'><strong>nuper</strong></span> <span class='ocrx_word' id='word_1_238' title='bbox 1448 3029 1665 3112; x_wconf 85' lang='lat' dir='ltr'><strong>cognouimus.</strong></span> <span class='ocrx_word' id='word_1_239' title='bbox 1730 3025 1866 3094; x_wconf 86' lang='lat' dir='ltr'><strong>Scilicet</strong></span> <span class='ocrx_word' id='word_1_240' title='bbox 1893 3031 2036 3094; x_wconf 87' lang='lat' dir='ltr'><strong>Berosus</strong></span> <span class='ocrx_word' id='word_1_241' title='bbox 2063 3022 2148 3110; x_wconf 88' lang='lat' dir='ltr'><strong>apud</strong></span> <span class='ocrx_word' id='word_1_242' title='bbox 2168 3021 2260 3108; x_wconf 86' lang='lat' dir='ltr'><strong>Syn·</strong></span> 
     </span>
     <span class='ocr_line' id='line_1_22' title="bbox 494 3137 2262 3234; baseline -0.001 -26"><span class='ocrx_word' id='word_1_243' title='bbox 494 3138 610 3208; x_wconf 86' lang='lat' dir='ltr'><strong>cellum</strong></span> <span class='ocrx_word' id='word_1_244' title='bbox 629 3148 763 3228; x_wconf 81' lang='lat' dir='ltr'><strong>uenat,</strong></span> <span class='ocrx_word' id='word_1_245' title='bbox 794 3140 986 3210; x_wconf 85' lang='lat' dir='ltr'><strong>Xisntbrum</strong></span> <span class='ocrx_word' id='word_1_246' title='bbox 1014 3137 1299 3234; x_wconf 78' lang='lat' dir='ltr'><strong>[Sesostridem]‚</strong></span> <span class='ocrx_word' id='word_1_247' title='bbox 1331 3143 1485 3212; x_wconf 89' lang='lat' dir='ltr'><strong>decimum</strong></span> <span class='ocrx_word' id='word_1_248' title='bbox 1514 3165 1535 3212; x_wconf 88' lang='lat' dir='ltr'><strong>a</strong></span> <span class='ocrx_word' id='word_1_249' title='bbox 1563 3145 1667 3232; x_wconf 88' lang='lat' dir='ltr'><strong>primo</strong></span> <span class='ocrx_word' id='word_1_250' title='bbox 1697 3165 1777 3231; x_wconf 86' lang='lat' dir='ltr'><strong>rege</strong></span> <span class='ocrx_word' id='word_1_251' title='bbox 1799 3146 2013 3231; x_wconf 86' lang='lat' dir='ltr'><strong>progenitum,</strong></span> <span class='ocrx_word' id='word_1_252' title='bbox 2036 3143 2127 3208; x_wconf 90' lang='lat' dir='ltr'><strong>cuins</strong></span> <span class='ocrx_word' id='word_1_253' title='bbox 2149 3144 2262 3206; x_wconf 88' lang='lat' dir='ltr'><strong>aetate</strong></span> 
     </span>
     <span class='ocr_line' id='line_1_23' title="bbox 494 3255 2262 3348; baseline -0.001 -22"><span class='ocrx_word' id='word_1_254' title='bbox 494 3255 647 3328; x_wconf 85' lang='lat' dir='ltr'><strong>diluuium</strong></span> <span class='ocrx_word' id='word_1_255' title='bbox 668 3261 856 3330; x_wconf 80' lang='lat' dir='ltr'><strong>uniuersale</strong></span> <span class='ocrx_word' id='word_1_256' title='bbox 878 3259 1045 3339; x_wconf 85' lang='lat' dir='ltr'><strong>acciderit,</strong></span> <span class='ocrx_word' id='word_1_257' title='bbox 1067 3259 1275 3348; x_wconf 83' lang='lat' dir='ltr'><strong>alphabetum</strong></span> <span class='ocrx_word' id='word_1_258' title='bbox 1296 3263 1375 3329; x_wconf 88' lang='lat' dir='ltr'><strong>item</strong></span> <span class='ocrx_word' id='word_1_259' title='bbox 1393 3282 1437 3330; x_wconf 90' lang='lat' dir='ltr'><strong>ex</strong></span> <span class='ocrx_word' id='word_1_260' title='bbox 1448 3263 1595 3331; x_wconf 81' lang='lat' dir='ltr'><strong>zodiaco</strong></span> <span class='ocrx_word' id='word_1_261' title='bbox 1608 3263 1779 3330; x_wconf 80' lang='lat' dir='ltr'><strong>sumsisse</strong></span> <span class='ocrx_word' id='word_1_262' title='bbox 1801 3259 1940 3330; x_wconf 81' lang='lat' dir='ltr'><strong>Scilicet</strong></span> <span class='ocrx_word' id='word_1_263' title='bbox 1960 3264 2043 3330; x_wconf 88' lang='lat' dir='ltr'><strong>bunc</strong></span> <span class='ocrx_word' id='word_1_264' title='bbox 2062 3260 2181 3340; x_wconf 89' lang='lat' dir='ltr'><strong>virum,</strong></span> <span class='ocrx_word' id='word_1_265' title='bbox 2203 3255 2262 3324; x_wconf 87' lang='lat' dir='ltr'><strong>ad-</strong></span> 
     </span>
     <span class='ocr_line' id='line_1_24' title="bbox 493 3374 2261 3468; baseline -0.003 -24"><span class='ocrx_word' id='word_1_266' title='bbox 493 3383 652 3446; x_wconf 84' lang='lat' dir='ltr'><strong>ventante</strong></span> <span class='ocrx_word' id='word_1_267' title='bbox 672 3380 803 3467; x_wconf 86' lang='lat' dir='ltr'><strong>dduuio,</strong></span> <span class='ocrx_word' id='word_1_268' title='bbox 823 3379 909 3466; x_wconf 86' lang='lat' dir='ltr'><strong>quod</strong></span> <span class='ocrx_word' id='word_1_269' title='bbox 931 3382 1077 3444; x_wconf 84' lang='lat' dir='ltr'><strong>Berosus</strong></span> <span class='ocrx_word' id='word_1_270' title='bbox 1091 3379 1238 3448; x_wconf 87' lang='lat' dir='ltr'><strong>blosaieo</strong></span> <span class='ocrx_word' id='word_1_271' title='bbox 1260 3381 1452 3448; x_wconf 84' lang='lat' dir='ltr'><strong>simillimum</strong></span> <span class='ocrx_word' id='word_1_272' title='bbox 1474 3386 1602 3460; x_wconf 85' lang='lat' dir='ltr'><strong>narrat,</strong></span> <span class='ocrx_word' id='word_1_273' title='bbox 1628 3401 1649 3448; x_wconf 87' lang='lat' dir='ltr'><strong>a</strong></span> <span class='ocrx_word' id='word_1_274' title='bbox 1680 3379 1753 3448; x_wconf 87' lang='lat' dir='ltr'><strong>Deo</strong></span> <span class='ocrx_word' id='word_1_275' title='bbox 1781 3380 1920 3468; x_wconf 81' lang='lat' dir='ltr'><strong>quodam</strong></span> <span class='ocrx_word' id='word_1_276' title='bbox 1947 3381 2100 3448; x_wconf 82' lang='lat' dir='ltr'><strong>mouimm</strong></span> <span class='ocrx_word' id='word_1_277' title='bbox 2122 3377 2179 3444; x_wconf 90' lang='lat' dir='ltr'><strong>die</strong></span> <span class='ocrx_word' id='word_1_278' title='bbox 2202 3374 2261 3441; x_wconf 78' lang='lat' dir='ltr'><strong>lb.</strong></span> 
     </span>
     <span class='ocr_line' id='line_1_25' title="bbox 492 3490 2259 3589; baseline 0 -29"><span class='ocrx_word' id='word_1_279' title='bbox 492 3490 579 3584; x_wconf 78' lang='lat' dir='ltr'><strong>(leg.</strong></span> <span class='ocrx_word' id='word_1_280' title='bbox 605 3493 689 3586; x_wconf 82' lang='lat'><strong>1⁷.)</strong></span> <span class='ocrx_word' id='word_1_281' title='bbox 715 3497 839 3562; x_wconf 85' lang='lat' dir='ltr'><strong>mensis</strong></span> <span class='ocrx_word' id='word_1_282' title='bbox 861 3498 979 3564; x_wconf 83' lang='lat' dir='ltr'><strong>Daesii</strong></span> <span class='ocrx_word' id='word_1_283' title='bbox 1000 3495 1162 3587; x_wconf 80' lang='lat' dir='ltr'><strong>[secundi</strong></span> <span class='ocrx_word' id='word_1_284' title='bbox 1183 3498 1225 3563; x_wconf 90' lang='lat' dir='ltr'><strong>ab</strong></span> <span class='ocrx_word' id='word_1_285' title='bbox 1246 3501 1324 3562; x_wconf 82' lang='lat' dir='ltr'><strong>anni</strong></span> <span class='ocrx_word' id='word_1_286' title='bbox 1346 3493 1545 3589; x_wconf 81' lang='lat' dir='ltr'><strong>principio),</strong></span> <span class='ocrx_word' id='word_1_287' title='bbox 1575 3517 1731 3587; x_wconf 87' lang='lat' dir='ltr'><strong>curasse,</strong></span> <span class='ocrx_word' id='word_1_288' title='bbox 1752 3505 1790 3566; x_wconf 91' lang='lat' dir='ltr'><strong>vt</strong></span> <span class='ocrx_word' id='word_1_289' title='bbox 1809 3499 1926 3568; x_wconf 88' lang='lat' dir='ltr'><strong>literae</strong></span> <span class='ocrx_word' id='word_1_290' title='bbox 1953 3497 2209 3566; x_wconf 87' lang='lat' dir='ltr'><strong>reconderentur</strong></span> <span class='ocrx_word' id='word_1_291' title='bbox 2228 3493 2259 3560; x_wconf 93' lang='lat' dir='ltr'><strong>iu</strong></span> 
     </span>
     <span class='ocr_line' id='line_1_26' title="bbox 492 3609 2264 3704; baseline -0.004 -22"><span class='ocrx_word' id='word_1_292' title='bbox 492 3609 574 3682; x_wconf 81' lang='lat' dir='ltr'><strong>vrbe</strong></span> <span class='ocrx_word' id='word_1_293' title='bbox 596 3611 689 3678; x_wconf 87' lang='lat' dir='ltr'><strong>Solis</strong></span> <span class='ocrx_word' id='word_1_294' title='bbox 710 3613 798 3679; x_wconf 89' lang='lat' dir='ltr'><strong>dicta</strong></span> <span class='ocrx_word' id='word_1_295' title='bbox 818 3610 969 3697; x_wconf 84' lang='lat' dir='ltr'><strong>Sispara,</strong></span> <span class='ocrx_word' id='word_1_296' title='bbox 992 3632 1036 3678; x_wconf 85' lang='lat' dir='ltr'><strong>ex</strong></span> <span class='ocrx_word' id='word_1_297' title='bbox 1057 3631 1121 3699; x_wconf 86' lang='lat' dir='ltr'><strong>qua</strong></span> <span class='ocrx_word' id='word_1_298' title='bbox 1141 3611 1197 3676; x_wconf 90' lang='lat' dir='ltr'><strong>ille</strong></span> <span class='ocrx_word' id='word_1_299' title='bbox 1225 3611 1451 3695; x_wconf 79' lang='lat' dir='ltr'><strong>alphabetum,</strong></span> <span class='ocrx_word' id='word_1_300' title='bbox 1481 3613 1570 3680; x_wconf 80' lang='lat' dir='ltr'><strong>buxito</strong></span> <span class='ocrx_word' id='word_1_301' title='bbox 1593 3615 1729 3702; x_wconf 88' lang='lat' dir='ltr'><strong>diluuio,</strong></span> <span class='ocrx_word' id='word_1_302' title='bbox 1752 3617 1941 3683; x_wconf 87' lang='lat' dir='ltr'><strong>resumserit</strong></span> <span class='ocrx_word' id='word_1_303' title='bbox 1962 3623 2062 3704; x_wconf 82' lang='lat' dir='ltr'><strong>utque</strong></span> <span class='ocrx_word' id='word_1_304' title='bbox 2083 3613 2264 3683; x_wconf 90' lang='lat' dir='ltr'><strong>homiuibus</strong></span> 
     </span>
     <span class='ocr_line' id='line_1_27' title="bbox 494 3724 2264 3819; baseline 0 -24"><span class='ocrx_word' id='word_1_305' title='bbox 494 3729 637 3816; x_wconf 85' lang='lat' dir='ltr'><strong>posteris</strong></span> <span class='ocrx_word' id='word_1_306' title='bbox 659 3728 833 3797; x_wconf 90' lang='lat' dir='ltr'><strong>tradiderit</strong></span> <span class='ocrx_word' id='word_1_307' title='bbox 844 3724 891 3819; x_wconf 58' lang='grc' dir='ltr'><strong>ὅ)</strong></span> <span class='ocrx_word' id='word_1_308' title='bbox 947 3730 1012 3796; x_wconf 84' lang='lat' dir='ltr'><strong>Pru</strong></span> <span class='ocrx_word' id='word_1_309' title='bbox 1039 3727 1191 3817; x_wconf 72' lang='lat' dir='ltr'><strong>Serape</strong></span> <span class='ocrx_word' id='word_1_310' title='bbox 1211 3727 1385 3814; x_wconf 85' lang='lat' dir='ltr'><strong>legendum</strong></span> <span class='ocrx_word' id='word_1_311' title='bbox 1413 3747 1484 3795; x_wconf 89' lang='lat' dir='ltr'><strong>cum</strong></span> <span class='ocrx_word' id='word_1_312' title='bbox 1506 3728 1665 3815; x_wconf 73' lang='lat' dir='ltr'><strong>Socliper</strong></span> <span class='ocrx_word' id='word_1_313' title='bbox 1685 3731 1848 3818; x_wconf 65' lang='grc' dir='ltr'><strong><em>Σωπαρα</em></strong></span> <span class='ocrx_word' id='word_1_314' title='bbox 1869 3732 1901 3797; x_wconf 88' lang='lat' dir='ltr'><strong>b.</strong></span> <span class='ocrx_word' id='word_1_315' title='bbox 1929 3750 1958 3799; x_wconf 92' lang='lat' dir='ltr'><strong>e.</strong></span> <span class='ocrx_word' id='word_1_316' title='bbox 1982 3735 2061 3801; x_wconf 82' lang='lat' dir='ltr'><strong>vrbs</strong></span> <span class='ocrx_word' id='word_1_317' title='bbox 2091 3736 2264 3801; x_wconf 85' lang='lat' dir='ltr'><strong>literamm.</strong></span> 
     </span>
     <span class='ocr_line' id='line_1_28' title="bbox 493 3845 2263 3934; baseline 0.002 -20"><span class='ocrx_word' id='word_1_318' title='bbox 493 3847 606 3914; x_wconf 71' lang='lat' dir='ltr'><strong>Facile</strong></span> <span class='ocrx_word' id='word_1_319' title='bbox 620 3847 705 3916; x_wconf 90' lang='lat' dir='ltr'><strong>euim</strong></span> <span class='ocrx_word' id='word_1_320' title='bbox 721 3847 755 3914; x_wconf 93' lang='lat' dir='ltr'><strong>iu</strong></span> <span class='ocrx_word' id='word_1_321' title='bbox 767 3845 870 3914; x_wconf 88' lang='lat' dir='ltr'><strong>blSS.</strong></span> <span class='ocrx_word' id='word_1_322' title='bbox 885 3848 965 3913; x_wconf 89' lang='grc' dir='ltr'><strong>ΠΠ</strong></span> <span class='ocrx_word' id='word_1_323' title='bbox 974 3849 1008 3914; x_wconf 94' lang='lat' dir='ltr'><strong>in</strong></span> <span class='ocrx_word' id='word_1_324' title='bbox 1021 3847 1103 3914; x_wconf 85' lang='grc' dir='ltr'><strong>ΣΠ</strong></span> <span class='ocrx_word' id='word_1_325' title='bbox 1112 3848 1228 3916; x_wconf 82' lang='lat' dir='ltr'><strong>mutari</strong></span> <span class='ocrx_word' id='word_1_326' title='bbox 1241 3847 1344 3934; x_wconf 90' lang='lat' dir='ltr'><strong>potuit</strong></span> <span class='ocrx_word' id='word_1_327' title='bbox 1357 3851 1456 3931; x_wconf 86' lang='lat' dir='ltr'><strong>atque</strong></span> <span class='ocrx_word' id='word_1_328' title='bbox 1468 3845 1631 3932; x_wconf 77' lang='grc' dir='ltr'><strong>Σιππιιρα</strong></span> <span class='ocrx_word' id='word_1_329' title='bbox 1646 3847 1857 3934; x_wconf 82' lang='lat' dir='ltr'><strong>probabiliter</strong></span> <span class='ocrx_word' id='word_1_330' title='bbox 1869 3849 2069 3919; x_wconf 87' lang='lat' dir='ltr'><strong>deriuatura</strong></span> <span class='ocrx_word' id='word_1_331' title='bbox 2090 3859 2159 3916; x_wconf 63' lang='lat' dir='ltr'><strong>ibo</strong></span> <span class='ocrx_word' id='word_1_332' title='bbox 2185 3850 2263 3919; x_wconf 84' lang='lat' dir='ltr'><strong>scri·</strong></span> 
     </span>
    </p>
   </div>
   <div class='ocr_carea' id='block_1_4' title="bbox 351 3963 2266 4059">
    <p class='ocr_par' dir='ltr' id='par_1_5' title="bbox 351 3963 2266 4059">
     <span class='ocr_line' id='line_1_29' title="bbox 351 3963 2266 4059; baseline -0.001 -25"><span class='ocrx_word' id='word_1_333' title='bbox 351 4015 362 4034; x_wconf 96' lang='lat'><strong>.</strong></span> <span class='ocrx_word' id='word_1_334' title='bbox 493 3965 584 4047; x_wconf 88' lang='lat' dir='ltr'><strong>bere,</strong></span> <span class='ocrx_word' id='word_1_335' title='bbox 597 3981 782 4052; x_wconf 75' lang='lat' dir='ltr'><strong>emerere,</strong></span> <span class='ocrx_word' id='word_1_336' title='bbox 803 3971 899 4059; x_wconf 63' lang='lat' dir='ltr'><strong>tiphe</strong></span> <span class='ocrx_word' id='word_1_337' title='bbox 930 3966 1021 4034; x_wconf 85' lang='lat' dir='ltr'><strong>liber.</strong></span> <span class='ocrx_word' id='word_1_338' title='bbox 1066 3968 1180 4054; x_wconf 84' lang='lat' dir='ltr'><strong>ltaque</strong></span> <span class='ocrx_word' id='word_1_339' title='bbox 1201 3983 1246 4032; x_wconf 88' lang='lat' dir='ltr'><strong>ex</strong></span> <span class='ocrx_word' id='word_1_340' title='bbox 1267 3963 1443 4030; x_wconf 88' lang='lat' dir='ltr'><strong>traditione</strong></span> <span class='ocrx_word' id='word_1_341' title='bbox 1464 3963 1719 4050; x_wconf 83' lang='lat' dir='ltr'><strong>Babyloniorum</strong></span> <span class='ocrx_word' id='word_1_342' title='bbox 1739 3965 1836 4034; x_wconf 86' lang='lat' dir='ltr'><strong>Noub</strong></span> <span class='ocrx_word' id='word_1_343' title='bbox 1857 3968 2073 4056; x_wconf 83' lang='lat' dir='ltr'><strong>alphabetum,</strong></span> <span class='ocrx_word' id='word_1_344' title='bbox 2095 3969 2193 4038; x_wconf 78' lang='lat' dir='ltr'><strong>finito</strong></span> <span class='ocrx_word' id='word_1_345' title='bbox 2215 3967 2266 4034; x_wconf 90' lang='lat' dir='ltr'><strong>di·</strong></span> 
     </span>
    </p>
   </div>
   <div class='ocr_carea' id='block_1_5' title="bbox 498 4081 2270 4178">
    <p class='ocr_par' dir='ltr' id='par_1_6' title="bbox 498 4081 2270 4178">
     <span class='ocr_line' id='line_1_30' title="bbox 498 4081 2270 4178; baseline 0.001 -30"><span class='ocrx_word' id='word_1_346' title='bbox 498 4083 575 4152; x_wconf 91' lang='lat' dir='ltr'><strong>uoio</strong></span> <span class='ocrx_word' id='word_1_347' title='bbox 598 4086 717 4152; x_wconf 83' lang='lat' dir='ltr'><strong>sumsit</strong></span> <span class='ocrx_word' id='word_1_348' title='bbox 735 4103 780 4154; x_wconf 89' lang='lat' dir='ltr'><strong>ex</strong></span> <span class='ocrx_word' id='word_1_349' title='bbox 801 4083 961 4154; x_wconf 81' lang='lat' dir='ltr'><strong>Zodiaoo.</strong></span> <span class='ocrx_word' id='word_1_350' title='bbox 1006 4083 1092 4168; x_wconf 74' lang='lat' dir='ltr'><strong>outo</strong></span> <span class='ocrx_word' id='word_1_351' title='bbox 1112 4085 1176 4152; x_wconf 88' lang='lat' dir='ltr'><strong>sibi</strong></span> <span class='ocrx_word' id='word_1_352' title='bbox 1196 4083 1302 4152; x_wconf 90' lang='lat' dir='ltr'><strong>vellet</strong></span> <span class='ocrx_word' id='word_1_353' title='bbox 1324 4085 1409 4150; x_wconf 89' lang='lat' dir='ltr'><strong>enim</strong></span> <span class='ocrx_word' id='word_1_354' title='bbox 1430 4085 1510 4152; x_wconf 86' lang='lat' dir='ltr'><strong>vrbs</strong></span> <span class='ocrx_word' id='word_1_355' title='bbox 1531 4081 1624 4154; x_wconf 88' lang='lat' dir='ltr'><strong>Solis</strong></span> <span class='ocrx_word' id='word_1_356' title='bbox 1650 4086 1810 4172; x_wconf 84' lang='lat' dir='ltr'><strong>quaedum</strong></span> <span class='ocrx_word' id='word_1_357' title='bbox 1824 4090 2005 4178; x_wconf 78' lang='lat' dir='ltr'><strong>terrestris,</strong></span> <span class='ocrx_word' id='word_1_358' title='bbox 2018 4086 2092 4176; x_wconf 86' lang='lat' dir='ltr'><strong>quid</strong></span> <span class='ocrx_word' id='word_1_359' title='bbox 2112 4087 2270 4154; x_wconf 87' lang='lat' dir='ltr'><strong>iuuasset</strong></span> 
     </span>
    </p>
   </div>
   <div class='ocr_carea' id='block_1_6' title="bbox 497 4280 694 4297">
    <p class='ocr_par' dir='ltr' id='par_1_7' title="bbox 497 4280 694 4297">
     <span class='ocr_line' id='line_1_31' title="bbox 497 4280 694 4297; baseline 0.01 -5"><span class='ocrx_word' id='word_1_360' title='bbox 497 4280 694 4297; x_wconf 39' lang='grc' dir='ltr'><strong>ᾗ</strong></span> 
     </span>
    </p>
   </div>
   <div class='ocr_carea' id='block_1_7' title="bbox 491 4403 2264 4688">
    <p class='ocr_par' dir='ltr' id='par_1_8' title="bbox 491 4403 2264 4688">
     <span class='ocr_line' id='line_1_32' title="bbox 642 4403 2264 4492; baseline 0.002 -25"><span class='ocrx_word' id='word_1_361' title='bbox 642 4409 682 4485; x_wconf 80' lang='lat' dir='ltr'><strong>d)</strong></span> <span class='ocrx_word' id='word_1_362' title='bbox 702 4412 813 4470; x_wconf 72' lang='lat' dir='ltr'><strong>Euseb.</strong></span> <span class='ocrx_word' id='word_1_363' title='bbox 833 4415 937 4486; x_wconf 73' lang='lat' dir='ltr'><strong>erup</strong></span> <span class='ocrx_word' id='word_1_364' title='bbox 957 4409 1106 4488; x_wconf 65' lang='lat' dir='ltr'><strong>hurupel.</strong></span> <span class='ocrx_word' id='word_1_365' title='bbox 1126 4411 1151 4470; x_wconf 90' lang='lat'><strong>1.</strong></span> <span class='ocrx_word' id='word_1_366' title='bbox 1172 4408 1223 4468; x_wconf 83' lang='lat'><strong>1⁰.</strong></span> <span class='ocrx_word' id='word_1_367' title='bbox 1248 4413 1378 4484; x_wconf 72' lang='lat' dir='ltr'><strong>Tantaene</strong></span> <span class='ocrx_word' id='word_1_368' title='bbox 1397 4431 1592 4492; x_wconf 72' lang='grc' dir='ltr'><strong>μιμησαμειος</strong></span> <span class='ocrx_word' id='word_1_369' title='bbox 1612 4431 1662 4474; x_wconf 77' lang='lat' dir='ltr'><strong>ror</strong></span> <span class='ocrx_word' id='word_1_370' title='bbox 1682 4410 1822 4492; x_wconf 67' lang='grc' dir='ltr'><strong><em>οὔρων,</em></strong></span> <span class='ocrx_word' id='word_1_371' title='bbox 1844 4433 1900 4474; x_wconf 78' lang='lat' dir='ltr'><strong>rm</strong></span> <span class='ocrx_word' id='word_1_372' title='bbox 1920 4419 1998 4472; x_wconf 74' lang='lat' dir='ltr'><strong>daur</strong></span> <span class='ocrx_word' id='word_1_373' title='bbox 2018 4403 2102 4486; x_wconf 77' lang='grc' dir='ltr'><strong><em>ὄψοις</em></strong></span> <span class='ocrx_word' id='word_1_374' title='bbox 2121 4435 2184 4482; x_wconf 85' lang='grc'><strong>-,</strong></span> <span class='ocrx_word' id='word_1_375' title='bbox 2210 4409 2264 4472; x_wconf 82' lang='lat' dir='ltr'><strong>dta-</strong></span> 
     </span>
     <span class='ocr_line' id='line_1_33' title="bbox 492 4507 2264 4592; baseline -0.001 -22"><span class='ocrx_word' id='word_1_376' title='bbox 492 4529 622 4570; x_wconf 77' lang='lat' dir='ltr'><strong>runooro</strong></span> <span class='ocrx_word' id='word_1_377' title='bbox 649 4531 716 4580; x_wconf 70' lang='lat' dir='ltr'><strong>roae</strong></span> <span class='ocrx_word' id='word_1_378' title='bbox 736 4515 829 4590; x_wconf 68' lang='lat' dir='ltr'><strong>tepora</strong></span> <span class='ocrx_word' id='word_1_379' title='bbox 856 4533 914 4574; x_wconf 77' lang='lat' dir='ltr'><strong>aaa</strong></span> <span class='ocrx_word' id='word_1_380' title='bbox 935 4533 1059 4592; x_wconf 72' lang='grc' dir='ltr'><strong>ςοιχοιων</strong></span> <span class='ocrx_word' id='word_1_381' title='bbox 1079 4533 1261 4592; x_wconf 58' lang='lat' dir='ltr'><strong>praecerpere</strong></span> <span class='ocrx_word' id='word_1_382' title='bbox 1288 4533 1317 4572; x_wconf 83' lang='grc' dir='ltr'><strong>κ.</strong></span> <span class='ocrx_word' id='word_1_383' title='bbox 1338 4533 1366 4572; x_wconf 80' lang='lat' dir='ltr'><strong>e.</strong></span> <span class='ocrx_word' id='word_1_384' title='bbox 1389 4513 1414 4573; x_wconf 72' lang='lat' dir='ltr'><strong>i„</strong></span> <span class='ocrx_word' id='word_1_385' title='bbox 1478 4513 1571 4570; x_wconf 84' lang='lat' dir='ltr'><strong>Culus</strong></span> <span class='ocrx_word' id='word_1_386' title='bbox 1592 4513 1652 4572; x_wconf 90' lang='lat' dir='ltr'><strong>loci</strong></span> <span class='ocrx_word' id='word_1_387' title='bbox 1673 4515 1899 4588; x_wconf 82' lang='lat' dir='ltr'><strong>explicationem</strong></span> <span class='ocrx_word' id='word_1_388' title='bbox 1925 4509 1985 4568; x_wconf 82' lang='lat' dir='ltr'><strong>vid.</strong></span> <span class='ocrx_word' id='word_1_389' title='bbox 2013 4507 2046 4566; x_wconf 85' lang='lat' dir='ltr'><strong>tu</strong></span> <span class='ocrx_word' id='word_1_390' title='bbox 2067 4507 2208 4570; x_wconf 80' lang='lat' dir='ltr'><strong>eeebnde</strong></span> <span class='ocrx_word' id='word_1_391' title='bbox 2234 4516 2264 4570; x_wconf 85' lang='lat' dir='ltr'><strong>et</strong></span> 
     </span>
     <span class='ocr_line' id='line_1_34' title="bbox 491 4605 1736 4688; baseline 0.001 -18"><span class='ocrx_word' id='word_1_392' title='bbox 491 4611 569 4670; x_wconf 82' lang='lat' dir='ltr'><strong>Jahn</strong></span> <span class='ocrx_word' id='word_1_393' title='bbox 590 4605 777 4669; x_wconf 84' lang='lat' dir='ltr'><strong>Jahrbiieber</strong></span> <span class='ocrx_word' id='word_1_394' title='bbox 798 4613 822 4668; x_wconf 83' lang='lat' dir='ltr'><strong>t.</strong></span> <span class='ocrx_word' id='word_1_395' title='bbox 844 4613 1011 4688; x_wconf 82' lang='lat' dir='ltr'><strong>Philologio</strong></span> <span class='ocrx_word' id='word_1_396' title='bbox 1034 4609 1125 4667; x_wconf 79' lang='lat' dir='ltr'><strong>tect.</strong></span> <span class='ocrx_word' id='word_1_397' title='bbox 1169 4613 1369 4685; x_wconf 89' lang='lat' dir='ltr'><strong>Supplement.</strong></span> <span class='ocrx_word' id='word_1_398' title='bbox 1389 4615 1429 4671; x_wconf 88' lang='lat'><strong>11.</strong></span> <span class='ocrx_word' id='word_1_399' title='bbox 1450 4615 1538 4671; x_wconf 80' lang='lat' dir='ltr'><strong>Fuso.</strong></span> <span class='ocrx_word' id='word_1_400' title='bbox 1560 4611 1589 4670; x_wconf 83' lang='lat' dir='ltr'><strong>d.</strong></span> <span class='ocrx_word' id='word_1_401' title='bbox 1612 4631 1641 4688; x_wconf 90' lang='lat' dir='ltr'><strong>p.</strong></span> <span class='ocrx_word' id='word_1_402' title='bbox 1662 4613 1736 4672; x_wconf 75' lang='lat'><strong>696.</strong></span> 
     </span>
    </p>
   </div>
   <div class='ocr_carea' id='block_1_8' title="bbox 490 4723 2260 5112">
    <p class='ocr_par' dir='ltr' id='par_1_9' title="bbox 490 4723 2260 5112">
     <span class='ocr_line' id='line_1_35' title="bbox 642 4723 2260 4809; baseline 0.005 -27"><span class='ocrx_word' id='word_1_403' title='bbox 642 4723 680 4802; x_wconf 82' lang='lat' dir='ltr'><strong>a)</strong></span> <span class='ocrx_word' id='word_1_404' title='bbox 703 4723 862 4798; x_wconf 80' lang='lat' dir='ltr'><strong>syncellus</strong></span> <span class='ocrx_word' id='word_1_405' title='bbox 891 4729 997 4787; x_wconf 76' lang='lat' dir='ltr'><strong>chron.</strong></span> <span class='ocrx_word' id='word_1_406' title='bbox 1024 4745 1054 4800; x_wconf 89' lang='lat' dir='ltr'><strong>p.</strong></span> <span class='ocrx_word' id='word_1_407' title='bbox 1085 4725 1136 4784; x_wconf 83' lang='lat'><strong>³1.</strong></span> <span class='ocrx_word' id='word_1_408' title='bbox 1161 4727 1211 4786; x_wconf 73' lang='lat'><strong>82.</strong></span> <span class='ocrx_word' id='word_1_409' title='bbox 1242 4729 1288 4786; x_wconf 85' lang='lat' dir='ltr'><strong>ed.</strong></span> <span class='ocrx_word' id='word_1_410' title='bbox 1315 4733 1382 4788; x_wconf 85' lang='lat' dir='ltr'><strong>Por.</strong></span> <span class='ocrx_word' id='word_1_411' title='bbox 1408 4729 1553 4790; x_wconf 76' lang='lat' dir='ltr'><strong>Keleooat</strong></span> <span class='ocrx_word' id='word_1_412' title='bbox 1579 4727 1630 4790; x_wconf 72' lang='lat' dir='ltr'><strong>oio</strong></span> <span class='ocrx_word' id='word_1_413' title='bbox 1658 4724 1848 4807; x_wconf 75' lang='grc' dir='ltr'>(Ξισουθρον)</span> <span class='ocrx_word' id='word_1_414' title='bbox 1875 4727 1923 4787; x_wconf 76' lang='grc' dir='ltr'><strong>δια</strong></span> <span class='ocrx_word' id='word_1_415' title='bbox 1944 4747 2120 4809; x_wconf 72' lang='grc' dir='ltr'><em>γραμματων</em></span> <span class='ocrx_word' id='word_1_416' title='bbox 2144 4749 2260 4790; x_wconf 73' lang='lat' dir='ltr'><strong>aanor</strong></span> 
     </span>
     <span class='ocr_line' id='line_1_36' title="bbox 492 4817 2259 4910; baseline 0.001 -20"><span class='ocrx_word' id='word_1_417' title='bbox 492 4825 583 4910; x_wconf 67' lang='lat' dir='ltr'><strong>rippam</strong></span> <span class='ocrx_word' id='word_1_418' title='bbox 604 4852 651 4890; x_wconf 80' lang='lat' dir='ltr'><strong>ant</strong></span> <span class='ocrx_word' id='word_1_419' title='bbox 671 4849 747 4908; x_wconf 79' lang='grc' dir='ltr'><em>μεσα</em></span> <span class='ocrx_word' id='word_1_420' title='bbox 767 4849 815 4887; x_wconf 82' lang='grc' dir='ltr'><strong>και</strong></span> <span class='ocrx_word' id='word_1_421' title='bbox 834 4827 949 4898; x_wconf 70' lang='lat' dir='ltr'><strong>crinon</strong></span> <span class='ocrx_word' id='word_1_422' title='bbox 971 4825 1108 4907; x_wconf 73' lang='grc' dir='ltr'><strong><em>ὄριξαπα</em></strong></span> <span class='ocrx_word' id='word_1_423' title='bbox 1129 4827 1182 4902; x_wconf 82' lang='lat' dir='ltr'><strong>(ul.</strong></span> <span class='ocrx_word' id='word_1_424' title='bbox 1202 4826 1361 4908; x_wconf 72' lang='grc' dir='ltr'><strong><em>ὀρυξαντα)</em></strong></span> <span class='ocrx_word' id='word_1_425' title='bbox 1385 4837 1479 4890; x_wconf 72' lang='lat' dir='ltr'><strong>deerat</strong></span> <span class='ocrx_word' id='word_1_426' title='bbox 1500 4817 1628 4890; x_wconf 74' lang='lat' dir='ltr'><strong>tr‘noier</strong></span> <span class='ocrx_word' id='word_1_427' title='bbox 1645 4825 1745 4890; x_wconf 74' lang='grc' dir='ltr'><strong><em>Ἥλιον</em></strong></span> <span class='ocrx_word' id='word_1_428' title='bbox 1773 4821 1945 4909; x_wconf 74' lang='grc' dir='ltr'><strong><em>Σισπαροις</em></strong></span> <span class='ocrx_word' id='word_1_429' title='bbox 1967 4857 2003 4872; x_wconf 91' lang='grc'>-</span> <span class='ocrx_word' id='word_1_430' title='bbox 2030 4850 2079 4890; x_wconf 80' lang='grc' dir='ltr'><strong>και</strong></span> <span class='ocrx_word' id='word_1_431' title='bbox 2101 4827 2190 4907; x_wconf 70' lang='grc' dir='ltr'><strong><em>(μετα</em></strong></span> <span class='ocrx_word' id='word_1_432' title='bbox 2211 4851 2259 4892; x_wconf 75' lang='lat' dir='ltr'><strong>eoa</strong></span> 
     </span>
     <span class='ocr_line' id='line_1_37' title="bbox 490 4923 2255 5011; baseline -0.002 -19"><span class='ocrx_word' id='word_1_433' title='bbox 490 4931 704 5009; x_wconf 74' lang='lat' dir='ltr'><strong>muxloopor)</strong></span> <span class='ocrx_word' id='word_1_434' title='bbox 726 4925 765 5000; x_wconf 76' lang='lat' dir='ltr'><strong>oie</strong></span> <span class='ocrx_word' id='word_1_435' title='bbox 786 4931 917 5007; x_wconf 71' lang='lat' dir='ltr'><strong>abruperat</strong></span> <span class='ocrx_word' id='word_1_436' title='bbox 936 4923 1034 4998; x_wconf 68' lang='grc' dir='ltr'><strong><em>αὐτοις</em></strong></span> <span class='ocrx_word' id='word_1_437' title='bbox 1058 4931 1088 4988; x_wconf 77' lang='lat' dir='ltr'><strong>dr</strong></span> <span class='ocrx_word' id='word_1_438' title='bbox 1101 4931 1260 5006; x_wconf 73' lang='lat' dir='ltr'><strong>Zronapmr</strong></span> <span class='ocrx_word' id='word_1_439' title='bbox 1279 4927 1455 5007; x_wconf 67' lang='lat' dir='ltr'><strong>ritribuente</strong></span> <span class='ocrx_word' id='word_1_440' title='bbox 1475 4951 1513 4990; x_wconf 82' lang='grc' dir='ltr'><strong>τα</strong></span> <span class='ocrx_word' id='word_1_441' title='bbox 1534 4951 1690 5011; x_wconf 73' lang='lat' dir='ltr'><strong>ypopporeoe</strong></span> <span class='ocrx_word' id='word_1_442' title='bbox 1707 4929 1853 4990; x_wconf 69' lang='grc' dir='ltr'><strong><em>διαδουναι</em></strong></span> <span class='ocrx_word' id='word_1_443' title='bbox 1872 4947 1933 5002; x_wconf 72' lang='lat' dir='ltr'><strong>core</strong></span> <span class='ocrx_word' id='word_1_444' title='bbox 1953 4926 2121 5010; x_wconf 69' lang='lat' dir='ltr'><strong>drbpmuote</strong></span> <span class='ocrx_word' id='word_1_445' title='bbox 2141 4961 2185 4976; x_wconf 89' lang='lat'><strong>--</strong></span> <span class='ocrx_word' id='word_1_446' title='bbox 2208 4931 2255 4988; x_wconf 80' lang='lat' dir='ltr'><strong>dl·</strong></span> 
     </span>
     <span class='ocr_line' id='line_1_38' title="bbox 493 5027 1797 5112; baseline -0.007 -17"><span class='ocrx_word' id='word_1_447' title='bbox 493 5039 603 5106; x_wconf 64' lang='lat' dir='ltr'><strong>boaret*</strong></span> <span class='ocrx_word' id='word_1_448' title='bbox 622 5051 741 5103; x_wconf 73' lang='lat' dir='ltr'><strong>ructuat,-</strong></span> <span class='ocrx_word' id='word_1_449' title='bbox 761 5032 801 5102; x_wconf 69' lang='grc' dir='ltr'><strong>εἰς</strong></span> <span class='ocrx_word' id='word_1_450' title='bbox 821 5028 982 5110; x_wconf 63' lang='lat' dir='ltr'><strong>Bellatum</strong></span> <span class='ocrx_word' id='word_1_451' title='bbox 1002 5047 1040 5090; x_wconf 79' lang='lat' dir='ltr'><strong>rur</strong></span> <span class='ocrx_word' id='word_1_452' title='bbox 1061 5049 1093 5091; x_wconf 80' lang='lat' dir='ltr'><strong>rr</strong></span> <span class='ocrx_word' id='word_1_453' title='bbox 1112 5034 1143 5092; x_wconf 79' lang='lat' dir='ltr'><strong>e·</strong></span> <span class='ocrx_word' id='word_1_454' title='bbox 1163 5034 1324 5111; x_wconf 70' lang='grc' dir='ltr'><strong>Σισπαρωο</strong></span> <span class='ocrx_word' id='word_1_455' title='bbox 1343 5049 1502 5111; x_wconf 70' lang='grc' dir='ltr'><strong>γραμματα</strong></span> <span class='ocrx_word' id='word_1_456' title='bbox 1522 5027 1658 5112; x_wconf 55' lang='lat' dir='ltr'><strong>moerim</strong></span> <span class='ocrx_word' id='word_1_457' title='bbox 1678 5051 1704 5090; x_wconf 82' lang='lat' dir='ltr'><strong>a.</strong></span> <span class='ocrx_word' id='word_1_458' title='bbox 1723 5048 1749 5089; x_wconf 76' lang='lat' dir='ltr'><strong>r.</strong></span> <span class='ocrx_word' id='word_1_459' title='bbox 1770 5029 1797 5089; x_wconf 84' lang='lat' dir='ltr'><strong>t.</strong></span> 
     </span>
    </p>
   </div>
   <div class='ocr_carea' id='block_1_9' title="bbox 0 0 2402 6101">
    <p class='ocr_par' dir='ltr' id='par_1_10' title="bbox 0 0 2402 6101">
     <span class='ocr_line' id='line_1_39' title="bbox 0 0 2402 6101; baseline 0 0"><span class='ocrx_word' id='word_1_460' title='bbox 0 0 2402 6101; x_wconf 95' lang='lat' dir='ltr'><strong> </strong></span> 
     </span>
    </p>
   </div>
  </div>
 </body>
</html>
