4796 6106
895 599 1139 677 ..pr-

134 800 247 871 maen
266 803 341 870 lucu
362 805 534 870 numerent
554 800 636 868 duas
656 797 791 869 vocales
811 800 935 887 pariter
955 807 1055 888 atque
1074 799 1157 869 lndi.
1222 800 1292 868 lam
1317 818 1362 869 en
1392 799 1633 889 comparatione
1652 797 1895 887 alphabetorum

132 921 335 1008 antiquorum
356 921 503 1006 sequitur
523 919 636 986 literas
656 919 817 1003 muninus
839 916 892 985 itu
914 919 1017 1016 hocce
1038 919 1150 987 ordine
1172 920 1297 1007 positas
1319 919 1441 988 luisset

133 1030 1893 1146 123456789rusosototiu6⁰70scautoosuusuotoooooucbtob

131 1149 1680 1242 llll'lillltpetllffilJJllllDildell!
1746 1157 1771 1217 n
1837 1142 1871 1210 V

128 1268 172 1336 de
194 1270 309 1356 quihus
330 1273 467 1341 vocales
488 1275 583 1341 erant
604 1275 730 1358 reptem
752 1277 949 1356 sequentes:

332 1430 356 1485 tt
553 1427 578 1488 n
769 1423 797 1486 tl

332 1579 356 1622 cc
551 1580 566 1620 e
769 1579 790 1634 η

334 1699 344 1808 Ι
550 1721 583 1808 ἢ
770 1753 795 1810 2
837 1755 847 1777 ·

330 1855 354 1928 Ῐ
551 1853 581 1950 Q
771 1890 796 1920 ω

331 1963 357 2071 l
554 2003 590 2074 a
776 2017 812 2074 s

330 2153 356 2192 uu
548 2155 573 2195 ,u
631 2139 633 2154 '
770 2153 809 2210 po
1440 2155 1457 2234 ξ
1640 2107 1669 2195 b

1639 1423 1660 1503 *l

1638 1555 1669 1618 r

1641 1702 1684 1810 )

1425 1675 1483 1774 χ

1435 2025 1455 2103 ε

282 2268 323 2364 c)
342 2272 464 2360 liparia
485 2275 670 2341 literanum.
734 2270 890 2353 Quamuis
921 2272 1007 2340 eninr
1027 2274 1122 2363 lapsu
1145 2282 1335 2362 temporum,
1356 2273 1520 2342 varietate
1541 2275 1760 2363 scribentium,
1782 2276 1896 2347 inccn-

133 2390 257 2460 slantia
279 2393 418 2490 vitarum
439 2390 611 2478 multisque
632 2390 706 2458 aliis
727 2391 837 2458 causis
858 2391 976 2460 tactum
997 2393 1053 2480 sit,
1076 2399 1115 2459 vt
1136 2393 1233 2459 hodie
1256 2370 1369 2458 omnes
1391 2391 1461 2458 tere
1482 2393 1632 2460 nationes
1653 2393 1737 2460 alius
1758 2394 1898 2464 habeant

131 2509 270 2599 literas3
291 2517 423 2577 cunstat
437 2515 546 2576 tamen
560 2509 645 2576 inter
658 2508 932 2596 palaeographus,
953 2511 1073 2576 nullum
1095 2528 1174 2576 esse
1195 2509 1412 2598 alphabetum,
1427 2510 1504 2596 quin
1519 2510 1635 2576 literas
1647 2505 1813 2578 contineat
1824 2511 1899 2580 aliis

132 2627 257 2696 similes
278 2633 376 2712 atque
398 2647 420 2693 a
441 2636 581 2713 protypu
603 2625 740 2713 quodam
762 2624 969 2693 deriuandas.
1024 2628 1178 2695 Profecto
1200 2626 1287 2713 apud
1308 2625 1551 2694 diuersissimas
1573 2630 1708 2714 pupulus
1728 2629 1901 2716 reperiun-

130 2749 185 2808 tur
213 2744 347 2830 literae,
375 2761 458 2827 quae
486 2742 603 2810 iisdem
632 2743 838 2810 lineamentis
859 2745 982 2830 pariter
1003 2751 1102 2832 atque
1123 2745 1217 2811 sonis
1238 2750 1394 2812 constare
1414 2745 1599 2812 videantur.
1662 2742 1722 2812 Sic
1742 2745 1786 2811 M
1805 2752 1841 2812 et
1860 2744 1902 2812 N

137 2859 273 2924 multum
294 2857 512 2924 similitudinis
533 2860 735 2925 retinuerunt
755 2860 841 2944 apud
864 2858 1028 2948 Graecos,
1049 2861 1206 2950 Latinos,
1227 2861 1442 2949 Phoenicius,
1463 2862 1601 2949 Parsos,
1620 2863 1722 2930 Indos
1743 2864 1901 2951 aliusque.

132 2971 273 3041 Omnino
308 2975 452 3040 ahlnitas
480 2975 648 3042 literarum
675 2994 716 3041 eo
736 2977 841 3062 magis
862 2974 1146 3060 demonstrabitur,
1170 2997 1233 3064 quo
1254 2979 1367 3063 plnres
1395 2979 1625 3066 inscriptiones
1645 2999 1727 3046 vere
1747 2983 1901 3068 antiquae

128 3090 243 3160 varius
253 3090 338 3181 apud
351 3093 487 3180 pupulos
500 3092 624 3160 sensim
637 3093 824 3180 sensimque
851 3093 1004 3158 inuentae
1025 3093 1156 3158 luerint.
1213 3092 1284 3174 Quo
1298 3098 1450 3180 spectant
1463 3095 1557 3182 ipsae
1568 3096 1758 3163 sinensium
1773 3097 1898 3163 literae.

287 3256 332 3352 d)
353 3259 507 3348 Denique
520 3259 693 3346 alphabeta
706 3260 839 3348 antiqua
850 3259 949 3326 ctiam
963 3259 1135 3326 numericis
1157 3264 1192 3327 et
1212 3259 1441 3346 mythologicis
1461 3261 1641 3328 rationibus
1662 3262 1749 3328 inter
1769 3281 1808 3330 sc
1820 3280 1902 3329 cun-

132 3377 291 3445 sentinnt.
336 3379 442 3447 Nemu
453 3377 569 3460 nescit,
593 3383 729 3444 veteres
750 3377 819 3445 sere
841 3397 953 3444 omnes
976 3379 1081 3444 literis
1102 3396 1167 3444 nun
1188 3378 1292 3444 sulum
1312 3397 1414 3444 sonus
1436 3378 1513 3466 uris,
1535 3377 1595 3445 red
1610 3397 1759 3445 numerus
1775 3398 1902 3467 quoqne

138 3498 364 3583 expressisse.
410 3494 645 3563 Grauissimum
665 3514 747 3562 veru
768 3502 832 3583 est,
853 3495 1029 3581 alphabeta
1049 3495 1182 3579 antiqua
1202 3495 1341 3561 internis
1363 3496 1565 3582 maximeque
1585 3497 1745 3562 abstrusis
1766 3497 1904 3563 rationi-

132 3615 197 3682 bus
219 3613 410 3701 quibusdam
422 3613 616 3680 consentire.
659 3612 796 3680 Scilicet
817 3617 958 3696 cunstat,
979 3610 1094 3676 literas
1107 3608 1463 3697 Hebraicas,{Graecas
1483 3611 1629 3697 aliasque
1650 3629 1728 3678 esse
1743 3613 1904 3698 imagines

137 3749 247 3797 rerum
268 3730 353 3816 apud
375 3735 511 3798 veteres
532 3747 710 3810 sacrarum,
730 3728 862 3828 scilicet
881 3745 1003 3812 earum,
1025 3744 1157 3811 quarum
1180 3727 1360 3792 numinibus
1380 3726 1495 3792 literae
1516 3727 1728 3813 appellentur.
1792 3725 1851 3796 Sic
1870 3729 1905 3796 A

129 3863 172 3903 .-:
198 3855 285 3908 s:
306 3844 415 3927 Aleplu
437 3843 606 3937 (taurus),
643 3831 668 3903 tl
696 3860 734 3898 =
760 3848 846 3906 h:
865 3837 1902 3934 Reacb(caput)uderuutdeHneatiunestauricapitis,1liis

130 3960 279 4050 planetis
295 3968 567 4048 consecraturum,
588 3968 623 4026 ct
644 3961 694 4026 sic
714 3979 821 4044 porro.
854 3958 946 4025 ldem
968 3959 1088 4025 cadere
1108 3960 1141 4022 in
1163 3957 1277 4026 literas
1287 3959 1522 4044 Aegyptiomm
1543 3959 1819 4048 hieroglyphicas,
1839 3979 1902 4030 ne-

131 4081 253 4149 minem
275 4076 367 4161 fugit.
431 4076 500 4142 lam
522 4095 603 4142 veru
625 4075 926 4161 demonstrauimus,
950 4075 1064 4140 literas
1084 4072 1259 4159 alphabeta
1281 4074 1412 4160 antiquo
1433 4075 1583 4162 proprias
1611 4077 1787 4144 secundnm
1809 4099 1902 4163 syrn-

132 4197 272 4264 bulicam
293 4199 442 4259 veterum
463 4193 657 4280 sapientiam
678 4193 725 4257 ita
746 4210 825 4257 esse
853 4191 1050 4278 dispositus,
1070 4197 1107 4258 ut
1129 4191 1278 4275 singulae
1300 4191 1468 4279 deinceps,
1490 4211 1585 4277 quum
1604 4195 1820 4280 mythologice
1840 4215 1901 4262 su-

132 4319 289 4400 mantur,
318 4309 432 4377 eudem
454 4309 568 4376 ordine
590 4325 668 4374 sese
698 4309 866 4393 excipiant
886 4313 985 4393 atque
1006 4305 1051 4372 dii
1072 4306 1224 4393 planetae
1244 4307 1331 4393 apud
1357 4314 1505 4398 veteres,
1530 4309 1658 4376 scilicet
1686 4312 1747 4377 huc
1777 4315 1804 4390 h
1831 4317 1854 4398 ξ
1877 4310 1901 4400 9

133 4439 168 4511 0
195 4437 231 4507 (φ
257 4427 343 4512 zpij.
407 4423 466 4492 Sic
488 4434 508 4488 3
531 4425 666 4513 bathus,
691 4433 705 4488 t
727 4422 929 4512 camelum
959 4423 1056 4490 valua
1077 4425 1190 4511 vtique
1204 4429 1280 4488 sunt
1294 4423 1452 4510 deinceps
1470 4425 1611 4511 planetis
1634 4425 1657 4511 ῼ
1679 4442 1714 4512 Θ
1735 4435 1772 4505 <f
1793 4447 1898 4496 sacra.

132 4543 218 4609 Item
237 4549 372 4610 veteres
396 4519 415 4604 ‘t
441 4541 601 4625 tlugellnm
617 4547 694 4608 et't
724 4545 823 4627 ceput
843 4545 1077 4606 consecrarunt
1098 4540 1227 4622 Solito
1259 4560 1362 4626 aquas
1389 4541 1504 4631 hianti,
1530 4548 1545 4605 l
1567 4543 1677 4628 pisces
1704 4545 1775 4611 loui
1796 4553 1831 4611 et
1851 4545 1900 4612 sic

133 4662 168 4726 in
190 4660 330 4745 reliquis.
373 4659 460 4724 ilinc
483 4659 589 4725 series
611 4660 777 4727 literarum
798 4655 908 4743 plures
929 4659 962 4724 in
985 4677 1023 4724 se
1037 4659 1183 4724 continet
1199 4657 1331 4725 ordines
1345 4665 1620 4726 sacramentorum
1640 4662 1900 4748 planetariorum.

134 4775 241 4850 Quam
263 4777 379 4843 seriem
400 4777 646 4844 consonantium
668 4775 1038 4862 intermmphvocatium
1059 4775 1158 4864 serie,
1179 4795 1273 4863 quum
1294 4777 1376 4842 alius
1398 4784 1535 4845 naturae
1556 4778 1633 4866 sint,
1655 4798 1719 4845 nun
1741 4775 1899 4866 estquod

132 4896 293 4963 miremur.
358 4893 427 4962 lam
447 4895 510 4962 hae
531 4893 770 4981 mythologicae
791 4895 955 4962 literarum
977 4893 1122 4960 rabones
1142 4912 1207 4960 non
1228 4893 1348 4962 cadunt
1368 4895 1565 4964 solummodo
1586 4895 1781 4964 Hebralcum
1801 4893 1835 4958 in
1847 4890 1899 4958 ul-

133 5014 321 5101 phabetum,
341 5010 457 5080 sedin
477 5013 715 5099 Aegyptiacus
736 5031 862 5100 quoque
883 5017 919 5079 et
938 5009 1090 5092 lndicum,
1111 5010 1162 5078 vti
1182 5011 1331 5079 vidimus.
1374 5010 1644 5094 Quemadmodum
1664 5007 1822 5077 chaldaei
1834 5025 1897 5076 ve-

1547 5123 1596 5191 1³
