4606 5962
400 683 438 753 6.
481 682 608 751 lllodem
635 688 791 772 spectant
822 682 945 749 numeri
972 680 1055 747 Tala.
1081 679 1127 747 ll.
1154 677 1218 747 col·
1240 675 1277 746 6.
1305 677 1348 746 de
1375 676 1511 766 papyris
1532 675 1790 744 Tauriuensibus
1810 673 1950 744 llumsis
1971 678 2025 765 1.,

248 802 453 891 Amenophis
473 802 530 890 ll.,
551 801 686 868 mmsis
708 799 790 866 Vlll
810 805 847 865 et
867 793 975 890 X³⁷).

402 919 439 986 7.
481 918 604 1005 Papyri
627 917 755 1004 quidam
775 916 1012 984 Berolinenses
1033 922 1068 982 et
1089 915 1313 983 Taurinenses
1334 913 1409 979 sinc
1430 931 1526 999 anno,
1546 915 1601 1000 qui
1612 912 1723 1000 paullo
1737 909 2023 1000 postDynastiam

250 1040 343 1107 xlx.
364 1037 478 1125 scripti
498 1030 727 1123 videnturffl),
749 1038 919 1100 continent
939 1052 1091 1100 numeros
1113 1033 1196 1099 Tab.
1218 1032 1262 1099 ll.
1285 1032 1346 1099 col.
1369 1029 1406 1098 7.
1429 1033 1567 1117 positos.

400 1151 439 1220 8.
461 1154 661 1236 Fragmenta
681 1150 891 1218 manethonis
912 1149 1143 1239 'l'uuriuensia‚
1163 1168 1248 1236 quae
1268 1148 1466 1235 Lagidurum
1487 1167 1598 1216 aeram
1619 1153 1785 1236 spectant,
1798 1148 2020 1218 exhibuerunt

250 1291 401 1341 uumerus
422 1272 504 1337 Tala.
526 1269 569 1336 ll.
592 1269 654 1336 col.
677 1266 715 1333 Θ.
738 1268 857 1335 editos.

401 1385 437 1454 9.
479 1387 626 1455 serioris
646 1387 768 1453 aetatis
789 1393 866 1453 sunt
886 1385 1013 1473 papyri,
1034 1385 1123 1453 unde
1144 1404 1296 1453 numeros
1317 1386 1399 1453 Tala.
1421 1386 1465 1451 ΙΙ.
1486 1385 1549 1451 col.
1578 1379 1616 1448 9.
1646 1383 1895 1472 depromemus,
1922 1403 2020 1471 prae-

250 1508 365 1576 sertim
385 1504 564 1572 vienensis
574 1500 641 1595 ³⁹),
670 1504 723 1590 qui
744 1502 1035 1592 palaeopraphieus
1056 1504 1096 1570 ob
1117 1504 1264 1572 rationes
1284 1503 1514 1591 imperatorum
1534 1504 1753 1569 Romanorum
1774 1499 1816 1568 ad
1837 1519 1949 1568 aeram
1970 1521 2022 1571 rc·

113 1723 119 1736 ι
250 1626 329 1695 terri
349 1623 459 1693 debet.

403 1740 678 1814 Quemadmodum
698 1740 809 1827 itaque
830 1739 976 1808 hieratiei
1004 1739 1129 1808 numeri
1156 1738 1242 1806 haud
1272 1739 1403 1807 multum
1424 1740 1509 1805 inter
1531 1755 1570 1804 se
1591 1737 1743 1804 differunt
1764 1736 1868 1804 variis
1888 1737 1922 1805 in
1937 1739 2022 1804 scri-

252 1860 330 1949 ptis,
350 1859 398 1925 ita
420 1877 545 1946 quoque
567 1858 738 1947 demotioi3
759 1876 891 1943 quorum
913 1859 976 1924 ium
997 1859 1166 1925 variantes
1188 1857 1341 1943 colligere
1362 1876 1444 1945 opus
1469 1862 1532 1922 esl.

408 1975 469 2042 1o.
511 1974 706 2042 Demotieae
726 1975 957 2062 inscriptiones
978 1977 1226 2062 antiquissimae
1247 1982 1325 2042 sunt
1346 1995 1391 2041 ex
1402 1980 1515 2042 aetate
1526 1973 1728 2042 Psametiohi
1743 1978 1780 2040 et
1800 1970 1913 2066 Darii3
1934 1974 2021 2041 Tau·

250 2094 323 2183 rini,
343 2093 482 2162 Parisiis
504 2101 539 2160 et
560 2093 686 2159 Romae
707 2090 973 2185 asseruatae⁴⁰)·
1016 2092 1070 2163 lle
1096 2095 1211 2181 quibus
1240 2111 1393 2161 numeros
1421 2091 1504 2159 Tala.
1532 2091 1577 2158 11.
1607 2092 1667 2160 eol.
1694 2090 1754 2157 1⁰.
1777 2090 2021 2179 descripsimus,

250 2214 375 2281 calamo
397 2213 515 2299 pictos.

406 2326 468 2393 11.
511 2328 566 2396 Ad
587 2335 729 2396 aetutem
752 2329 923 2415 primorum
944 2329 1153 2418 Lagidarum,
1174 2328 1349 2415 praecipue
1370 2326 1559 2414 Euergetas
1585 2334 1621 2394 et
1648 2326 1832 2414 Epiphania
1858 2329 2021 2416 pertinent

252 2445 376 2513 numeri
396 2444 481 2511 Tala.
500 2444 543 2511 ll.
564 2445 623 2512 eol.
648 2446 856 2535 lig-partim
878 2447 911 2513 iu
933 2447 1028 2513 stelis
1050 2447 1229 2534 demoticis,
1249 2447 1368 2532 purtim
1388 2448 1492 2513 variis
1514 2446 1548 2514 in
1568 2447 1703 2534 papyris
1724 2445 1918 2513 conseruati.

407 2560 469 2628 12.
512 2564 783 2650 Frequentissimi
805 2570 882 2629 sunt
903 2566 1018 2651 papyri
1039 2572 1138 2651 atque
1159 2564 1265 2630 stelae
1287 2582 1329 2630 ex
1350 2570 1462 2631 aetate
1483 2564 1723 2652 Philometoris‚
1742 2564 1775 2629 iu
1799 2562 1929 2629 dluseis
1949 2562 2021 2630 Be·

252 2679 420 2760 rolinensi‚
443 2681 649 2767 Tauriuonsi,
669 2682 831 2771 Parisino,
852 2681 1053 2748 Londiuensi
1075 2682 1213 2767 aliisque
1234 2689 1420 2771 exstantes,
1439 2680 1527 2748 vnde
1548 2683 1672 2749 numeri
1693 2681 1775 2748 Tab.
1794 2680 1840 2749 lt
1864 2678 1927 2749 12.

406 2795 466 2862 13.
509 2798 564 2865 Ad
584 2798 809 2867 Ptolemaeum
829 2799 1036 2886 Physconem
1069 2800 1236 2886 pertinent
1263 2800 1388 2867 numeri
1416 2799 1498 2866 Tala.
1524 2799 1566 2865 ll.
1601 2797 1674 2888 13„
1701 2799 1757 2885 qui
1783 2798 1923 2866 omnium
1949 2805 2022 2865 suut

252 2915 517 3001 frequentissimi.

406 3031 466 3099 14.
511 3032 661 3121 Denique
683 3034 839 3101 habemus
867 3034 973 3100 stelas
1000 3041 1099 3122 atque
1130 3055 1275 3123 papyros
1303 3035 1475 3102 nonnullos
1502 3052 1545 3100 ex
1574 3041 1685 3102 aetate
1713 3032 1896 3102 Alexandri
1926 3038 2020 3119 atque

252 3148 459 3239 Cleopatrae,
480 3152 595 3238 quibus
620 3153 745 3219 numeri
767 3154 847 3218 Tab.
870 3150 912 3217 ll.
939 3147 998 3216 14.
1022 3150 1192 3219 debentur.

400 3267 477 3334 Hae
498 3276 575 3335 stunt
594 3271 708 3336 uariae
730 3289 933 3336 numerorum
952 3267 1091 3357 formae,
1118 3268 1358 3358 demotieorum,
1378 3269 1607 3338 hieratieorum
1635 3277 1670 3338 et
1689 3270 2020 3358 hieroglyphicorum3

251 3400 336 3467 quae
363 3384 508 3467 quamuis
535 3385 642 3469 spatio
672 3387 743 3451 lere
771 3384 878 3449 2000
907 3405 1062 3450 annorum
1090 3390 1236 3453 usitatae
1263 3389 1401 3475 suerint,
1427 3407 1493 3455 non
1521 3389 1652 3455 marltum
1680 3389 1768 3455 inter
1796 3407 1837 3456 se
1865 3386 2019 3453 differunt.

251 3497 378 3563 Videre
408 3498 486 3564 licet
515 3517 545 3565 e.
574 3519 605 3583 g.
635 3519 788 3566 numeros
809 3506 849 3586 Λ
860 3485 944 3603 j
966 3469 1088 3586 {haud
1116 3501 1212 3567 aliter
1238 3510 1394 3570 exaratos
1422 3503 1524 3570 luisse
1553 3513 1665 3572 aetate
1693 3506 1799 3573 Musis
1830 3512 1931 3591 atque
1951 3502 2020 3568 Au-

251 3620 348 3700 gusto
368 3619 538 3699 regnante.
582 3614 676 3698 Quod
698 3635 762 3681 non
783 3615 973 3707 mirandum,
994 3637 1065 3685 cum
1085 3618 1260 3705 Aegyptus
1287 3620 1439 3707 antiquos
1467 3640 1549 3687 vsus
1569 3643 1649 3690 suos
1675 3622 1924 3709 religiosissime
1944 3638 2021 3688 con·

253 3731 445 3798 seruauerit.
489 3731 558 3798 lam
580 3751 662 3800 vero
684 3733 860 3824 quaeritur,
882 3753 945 3821 qua
966 3735 1023 3802 via
1043 3736 1203 3823 Aegyptii
1223 3743 1358 3804 veteres
1378 3757 1531 3806 numeros
1552 3758 1631 3808 suos
1652 3741 1851 3827 acceperint.

664 3927 701 4004 8.
728 3922 767 3996 9.
817 3917 879 3997 Do
903 3923 1042 4023 orisiaco
1065 3945 1301 3998 numerorum
1326 3923 1602 4023 Aepyptiooum.

404 4083 563 4168 Quaestio
584 4092 649 4175 est,
670 4085 744 4173 quid
766 4087 833 4153 siut
854 4089 951 4176 signa
972 4089 1208 4177 Aegyptiorum
1229 4091 1401 4157 numerica
1450 4092 1503 4158 An
1517 4093 1581 4179 ipsi
1594 4113 1745 4161 numeros
1760 4093 1824 4160 sibi
1837 4090 2021 4178 singulares

253 4196 506 4286 excogitarunt?
527 4224 570 4271 an
591 4204 721 4273 aliunde
743 4212 941 4291 aeceperunt
961 4205 1044 4275 haee
1065 4207 1162 4292 signa
1181 4225 1202 4274 a
1219 4208 1351 4295 populis
1371 4209 1580 4300 doctioribus,
1599 4218 1656 4279 aut
1677 4232 1697 4280 a
1718 4211 1895 4281 maioribus
1923 4197 2021 4277 suis?

402 4554 462 4630 37)
483 4558 557 4614 Bibl.
577 4561 659 4636 Aeg.
679 4577 727 4619 no.
749 4559 841 4619 ⁷853.
862 4563 912 4621 all.

403 4672 462 4746 38)
483 4676 559 4732 Bibl.
580 4679 658 4754 Aeg.
679 4677 730 4752 11,
753 4678 823 4738 212.
845 4681 895 4736 ali

402 4788 461 4865 39)
484 4791 560 4849 Bibl.
579 4795 660 4870 Aeg.
681 4793 733 4878 11,
752 4794 825 4853 320.

402 4903 461 4983 10)
484 4911 559 4971 lllbl.
582 4913 663 4991 Aeg.
683 4926 732 4970 no.
752 4911 987 4975 6368-6380.
1008 4914 1242 4974 eset-eaor.
1263 4915 1346 4977 3311
1359 4917 1494 4979 -3358,
