4774 6104
884 557 1140 636 ...37-

125 773 196 848 cst,
226 767 277 835 oti
306 766 444 854 dictum,
477 770 502 828 tt
529 761 649 852 quippe
683 756 809 860 *plesse
823 760 940 830 collum
959 777 1081 848 caprae
1095 765 1263 850 cornutae,
1275 761 1361 852 qnod
1375 782 1458 834 sane
1473 762 1631 852 Aegyptii
1644 777 1780 855 qnoque,
1793 765 1891 834 ninni-

123 923 195 970 rum
268 951 278 990 ,
299 921 357 990 pro
368 901 464 968 litera
484 897 609 986 passim
628 895 850 965 adbibucmnt.
873 891 975 963 cuius
996 895 1039 963 de
1059 897 1326 982 pronunciatione
1347 898 1490 965 nondum
1505 901 1590 968 certi
1603 899 1681 987 quid
1701 899 1893 966 iuncnimns.

275 1023 344 1086 lam
365 1017 450 1086 satis
471 1017 514 1085 de
536 1014 764 1084 conuenientia
783 1013 951 1102 alphabeti
973 1012 1145 1082 Chaldaici
1164 1013 1290 1102 antiqui
1317 1034 1388 1083 cum
1409 1017 1587 1106 Aegyptio.
1632 1014 1788 1099 Quamuis
1808 1016 1894 1082 enim

122 1137 307 1222 obiiciatur,
328 1136 440 1204 literas
461 1133 634 1202 nonnullas
655 1131 855 1200 Phoenicius
876 1131 1070 1220 imaginibus
1090 1134 1160 1200 suis
1180 1151 1221 1202 ac
1249 1133 1431 1201 nominibus
1454 1134 1649 1224 discrepare
1675 1153 1696 1202 a
1725 1133 1894 1221 hierogly-

121 1256 242 1341 phicis,
264 1271 348 1342 quae
369 1253 511 1320 numeris
532 1249 710 1339 Aegyptiis
730 1245 971 1340 respondeant3
999 1249 1104 1317 claret
1134 1256 1260 1334 tamen,
1278 1251 1393 1318 literas
1414 1249 1621 1342 Phoenicius,
1643 1249 1674 1318 si
1694 1253 1818 1321 rectius
1838 1251 1893 1317 in-

123 1373 329 1460 telligantur,
356 1369 454 1458 plane
481 1388 662 1458 congruere
689 1386 761 1435 com
791 1367 1010 1452 Aegyptiacis
1047 1369 1255 1454 comparatis.
1312 1368 1448 1436 llaioris
1474 1368 1630 1436 momenti
1650 1387 1730 1436 esse
1750 1367 1894 1455 videtur,

122 1488 210 1578 quod
229 1489 349 1575 aliquis
376 1489 547 1578 monuerit,
567 1507 631 1576 quo
652 1485 818 1574 probetur,
832 1483 951 1552 nullum
972 1501 1050 1552 esse
1063 1483 1151 1554 inter
1170 1484 1378 1573 alphabetum
1399 1486 1609 1556 Phoenicium
1629 1485 1894 1574 Aegyptiumqoe

123 1614 270 1678 nostrum
290 1606 492 1694 affinitatem,
512 1606 647 1693 quippe:

273 1721 311 1791 4.
355 1723 541 1811 Aeppptics
562 1723 679 1787 literas
698 1719 853 1806 singulus
877 1735 948 1787 coa
974 1720 1126 1807 caryotae
1155 1739 1258 1790 sonos
1284 1723 1497 1812 exprimere,
1524 1721 1894 1808 cneocaesarea

119 1857 365 1930 aaepcnaoacro
383 1841 547 1906 doro-eoa
569 1837 662 1906 Sane
683 1836 834 1906 baecrcs
853 1855 941 1906 noua
961 1843 1059 1925 atquc
1080 1839 1236 1928 inaudita,
1250 1843 1396 1929 quamuis
1418 1841 1459 1908 ab
1478 1840 1555 1909 aliis
1567 1841 1640 1910 siue
1651 1840 1801 1925 malignis
1821 1839 1893 1906 siue

120 1961 228 2030 tardis
239 1958 399 2028 acerrime
410 1957 600 2044 impugnata
611 1954 717 2039 suerit,
729 1954 813 2022 arleo
828 1961 865 2024 vt
878 1955 943 2024 luci
954 1955 1145 2025 literaturae
1159 1958 1390 2046 Aegyptiacae
1405 1958 1484 2026 inde
1495 1959 1664 2046 affulgenti
1676 1975 1782 2026 nouae
1795 1962 1894 2024 tene-

120 2059 203 2147 brae
217 2077 334 2144 inferri
344 2074 545 2156 viderentur,
557 2073 622 2140 iam
636 2070 752 2158 negari
765 2072 886 2160 nequit
932 2072 1067 2143 Scilicet
1083 2093 1178 2161 qurum
1193 2083 1274 2143 ante
1285 2075 1347 2144 bos
1360 2075 1602 2166 quatuordecim
1616 2095 1722 2144 annua
1743 2072 1894 2162 equidem

119 2195 217 2263 varia
237 2194 388 2260 libromm
409 2191 670 2259 Hermcticorum
691 2190 843 2277 exempla
863 2197 963 2278 atque
983 2191 1144 2279 parallelo
1171 2192 1396 2282 inscriptionis
1416 2193 1625 2262 Roscttonae
1652 2194 1727 2262 loca
1747 2193 1833 2259 inter
1853 2209 1894 2260 se

120 2329 362 2401 compararcm3
383 2310 462 2398 vidi,
483 2308 597 2376 cadem
618 2306 877 2396 hieroglyphica,
898 2306 1057 2376 hieratica
1085 2316 1122 2376 ct
1149 2307 1312 2378 demotica
1339 2311 1457 2400 signa,
1485 2309 1601 2398 quibus
1622 2308 1750 2396 Spobn,
1771 2305 1893 2375 Cham-

120 2430 242 2521 pollion
262 2427 381 2516 aliique
402 2432 512 2495 certos
532 2442 633 2492 sonos
654 2423 846 2514 tribuerant,
867 2424 985 2493 eadem
1005 2425 1088 2494 alios
1109 2443 1236 2516 quoque
1246 2427 1435 2514 significare
1453 2427 1595 2494 maxime
1616 2426 1776 2493 diuersos.
1800 2421 1894 2507 Quae

119 2559 190 2618 tum
217 2547 331 2635 didici,
359 2543 584 2613 demonstrare
612 2543 720 2610 studui
748 2543 851 2611 variis
879 2543 1058 2637 exemplis3
1086 2546 1193 2614 erraui
1222 2551 1332 2614 autem
1351 2545 1478 2612 ratione
1498 2543 1701 2631 ambiguitati
1727 2543 1893 2611 literamnr

123 2666 404 2754 Aegyptiacorum
429 2663 505 2730 huic
533 2655 727 2746 cabutam).
792 2657 909 2728 Serius
929 2658 1056 2729 demum
1085 2663 1242 2751 cognoui,
1263 2683 1358 2751 quam
1381 2665 1421 2730 ob
1443 2681 1575 2732 causam
1586 2671 1622 2732 et
1634 2681 1718 2750 quas
1738 2659 1780 2731 ad
1801 2661 1894 2747 leges

120 2780 283 2866 Aegyptii
301 2778 418 2845 isdem
439 2779 545 2862 signis
566 2777 679 2844 varios
708 2795 811 2846 sonos
839 2773 1141 2872 expresserinw),
1191 2777 1350 2858 ,Ceterum
1379 2781 1454 2871 ipse
1482 2781 1708 2870 champollion
1729 2781 1893 2868 cognouit,

120 2903 216 2966 certa
235 2892 481 2980 hieroglyphica
502 2891 654 2959 diuersas
674 2893 789 2959 literas
801 2893 1008 2979 significasse
1029 2913 1059 2962 e.
1079 2915 1111 2982 g.
1143 2861 1248 2980 Δ(
1274 2905 1310 2966 et
1330 2915 1405 2970 0
1423 2918 1509 2969 nunc
1530 2899 1545 2964 l
1564 2917 1649 2968 nunc
1668 2918 1699 2963 r.
1743 2898 1896 2986 Reliqua,

121 3013 240 3102 quibus
260 3014 422 3096 integrum
443 3013 592 3096 systema
613 3005 890 3094 hieroglyphicnm
911 3009 1100 3099 corruisset,
1121 3021 1218 3080 caute
1239 3015 1373 3082 silentio
1395 3015 1577 3103 praeteriit,
1600 3014 1801 3103 quosacilius
1814 3033 1893 3102 per·

119 3131 332 3200 mutationem
352 3128 517 3197 literarum
538 3127 552 3191 t
571 3131 607 3194 et
625 3144 647 3189 ι·
667 3122 840 3192 dialectica
867 3125 1136 3212 pronunciatione
1157 3129 1252 3197 varia
1272 3132 1469 3218 explicaret.
1528 3135 1574 3199 At
1599 3130 1759 3201 neminem
1780 3129 1894 3217 lugiet,

119 3248 225 3337 quiin
245 3246 466 3335 explicatione
486 3240 708 3328 inscriptionis
728 3241 936 3310 ltcscttanae
956 3243 1155 3330 aliarumque
1166 3246 1306 3334 aliquam
1327 3265 1460 3334 operam
1474 3249 1634 3336 posuerit,
1648 3245 1806 3334 permulta
1818 3243 1892 3312 bie-

119 3365 313 3452 roglypbica
341 3363 425 3432 alias
452 3361 547 3450 banc,
576 3359 661 3428 alias
686 3357 784 3426 aliam
809 3359 994 3447 exprimere
1020 3359 1160 3429 literam.
1204 3359 1300 3444 Quod
1321 3364 1529 3451 paucissimis
1550 3364 1711 3454 exemplis
1731 3362 1892 3450 probasse

118 3483 251 3551 suffieit.
294 3479 374 3550 Sic:

119 3665 195 3722 0
215 3646 383 3713 :reti
405 3645 604 3732 stieng:
624 3607 765 3733 aa&
790 3641 996 3726 significatin
1017 3597 1110 3725 Ξ.
1134 3631 1255 3717 εἶ
1275 3644 1381 3734 Papp.
1405 3645 1482 3716 Ber.
1507 3643 1570 3714 1⁰.
1593 3645 1657 3716 22.
1680 3632 1822 3734 Ϊῖἶ
1849 3677 1893 3710 =

271 3746 467 3886 220
496 3797 540 3864 ib.
578 3793 644 3866 toa
675 3794 750 3887 1⁷,
769 3725 846 3884 ἓ
876 3813 929 3848 =
958 3801 1118 3864 κεκεκε
1150 3801 1186 3866 et
1221 3802 1323 3886 atque
1348 3799 1466 3892 etiam3
1495 3803 1600 3868 inser.
1632 3798 1766 3870 ltosett.
1800 3819 1890 3872 varr.

271 3917 332 3984 loc.
374 3916 458 3983 ltem

120 4089 255 4145 οε·-
271 4087 301 4158 r,
321 4067 343 4156 l,
363 4087 386 4152 g
404 4064 671 4154 valetquoqnee
691 4086 713 4144 η
733 4091 777 4124 =
796 4093 858 4151 ιιι,
879 4013 962 4150 ζ,
988 4093 1080 4150 h,
1106 4082 1137 4133 e.
1160 4083 1193 4150 g.
1215 4063 1249 4132 in
1269 4021 1393 4151 ψι-
1412 4023 1524 4154 ᾦιτ
1544 4075 1586 4148 ει
1611 4070 1891 4157 atqu031nscript.

270 4221 521 4306 assertam,
536 4187 821 4302 rathma
840 4241 885 4276 =
905 4186 1134 4300 211142.
1147 4213 1235 4282 siet.
1253 4213 1361 4283 nono.
1376 4210 1515 4309 asoa,
1538 4201 1656 4309 {em
1675 4246 1718 4278 =
1742 4175 1892 4307 Met

270 4401 315 4436 ω
330 4315 486 4458 Μαι
507 4367 612 4456 capp.
634 4369 711 4436 aer.
736 4363 799 4434 ro.
825 4364 885 4433 ιι.
907 4359 972 4433 aa.
996 4361 1060 4433 aa.

122 4547 171 4614 ο,
191 4524 362 4600 sexcentis
381 4521 418 4591 iu
438 4520 520 4590 locis
540 4539 562 4585 a·
582 4515 867 4606 pronunciandum,
890 4515 1139 4606 pronunciatum
1163 4535 1291 4607 quoque
1319 4515 1460 4588 vidimus
1486 4538 1511 4609 g
1529 4545 1573 4582 =
1593 4469 1638 4612 Ξ,
1658 4567 1738 4614 m
1754 4486 1888 4608 M,

124 4733 323 4752 m

274 4878 333 4956 bb)
352 4879 532 4940 Rudimanta
551 4875 802 4958 hieroglyphicas.
843 4875 926 4955 Lips.
946 4873 1040 4938 tete.

274 4995 334 5076 ot)
356 5001 496 5073 systema
517 4997 715 5060 astronomiae
736 4997 818 5074 Aeg.
837 5011 866 5072 p.
887 4991 959 5056 etc
