4774 6104
1243 592 1496 668 ...70-

488 798 547 888 dit,
566 805 606 868 vt
626 795 733 883 llari,
753 791 908 886 Barnous,
928 797 1020 882 Bopp
1041 791 1166 880 passim
1187 791 1228 860 ab
1248 792 1427 880 Anqnetilo
1455 790 1667 860 discederent
1693 789 1833 860 maxime
1862 789 1896 859 in
1922 791 2067 878 gratim
2089 789 2258 864 literarum

486 915 681 1004 Indicarum,
702 929 833 1000 quarum
855 909 897 980 de
918 916 1084 1000 potestate
1104 906 1246 997 genuina
1276 915 1383 978 actum
1409 910 1592 997 putabatur.
1657 910 1730 977 Nos
1757 907 1886 1000 quidem
1914 910 2098 998 quaerimus
2124 915 2259 1000 autum,

488 1051 572 1122 qnae
594 1034 712 1100 literae
731 1029 902 1097 Zendioae
923 1035 957 1096 et
979 1027 1158 1096 l‘ehluicae
1179 1027 1293 1096 ordine
1314 1026 1546 1114 responderint
1566 1028 1781 1115 Neopersicis
1802 1028 1860 1097 vel
1886 1027 2046 1096 Arabicis

640 1181 665 1220 u
691 1184 741 1217 -··=
769 1141 837 1248 lL·
864 1161 959 1230 llaec
980 1159 1076 1230 litera
1097 1161 1183 1230 enim
1204 1163 1246 1230 ab
1268 1162 1414 1229 omuibus
1435 1163 1532 1228 luins
1557 1160 1690 1249 liuguae
1716 1160 1832 1249 peritis
1862 1161 2096 1249 pronunciatur
2122 1180 2165 1247 u,
2187 1179 2257 1228 cam

490 1276 500 1350 i
523 1285 837 1371 comparaturatque
858 1297 971 1347 veram
992 1279 1110 1346 literae
1138 1256 1164 1363 L
1191 1279 1362 1366 imaginem
1383 1298 1463 1366 prae
1484 1297 1524 1346 se
1545 1280 1620 1368 lert,
1639 1275 1670 1345 si
1691 1279 1732 1346 ab
1754 1297 1793 1346 eo
1820 1277 2035 1369 discesseris,
2061 1278 2149 1367 qaod
2170 1276 2258 1346 Ara-

489 1401 550 1468 lres
570 1399 720 1466 lineolam
740 1397 932 1464 vertitatem
953 1395 1131 1463 secundam
1152 1395 1252 1462 altius
1274 1396 1475 1486 extulerunt,
1496 1397 1550 1464 vel
1571 1415 1674 1464 versa
1693 1395 1780 1465 vice.

638 1529 674 1570 m
690 1533 752 1576 .==
779 1503 802 1580 ll
836 1490 884 1598 [L
928 1511 1068 1582 Videtur
1088 1531 1170 1581 sana
1191 1527 1227 1568 m
1241 1512 1366 1582 duobus
1379 1528 1405 1568 u
1421 1519 1585 1599 constare,
1607 1529 1707 1600 quarc
1728 1531 1792 1580 non
1813 1515 1937 1602 mirum,
1951 1507 1986 1580 id
2008 1517 2032 1581 d
2053 1514 2260 1601 pronunciari

488 1649 543 1719 vel
572 1625 629 1746 ,5'l'
650 1648 829 1717 secundum
850 1647 1019 1736 Anquetil.
1061 1645 1220 1714 Nolumus
1242 1653 1352 1716 tamen
1374 1649 1559 1718 obtrectare
1579 1647 1631 1736 iis,
1660 1646 1715 1735 qui
1735 1646 1885 1716 lineolam
1907 1649 2036 1717 tertiam
2056 1667 2116 1734 pro
2138 1648 2261 1716 diacri-

488 1783 553 1860 tica
574 1783 696 1852 habere
717 1782 899 1873 maluerint,
919 1780 1069 1871 exemplo
1098 1768 1127 1835 ὅ
1154 1787 1188 1850 et
1216 1765 1260 1844 ὤ·
1308 1779 1437 1850 Saltem
1456 1797 1492 1837 ω
1516 1787 1540 1850 o‘r
1560 1780 1621 1849 abs
1649 1796 1680 1839 ω
1712 1783 1859 1909 (satis
1881 1781 2036 1868 distingui
2057 1780 2208 1850 debebat.

643 1933 668 1982 ,a
691 1934 743 1968 =
769 1937 808 2006 ῳ
840 1954 885 2000 4·
936 1915 1029 1999 Quae
1049 1917 1156 2006 litera,
1177 1935 1272 2003 quum
1292 1915 1334 1984 ab
1355 1917 1512 2006 Anquetil
1535 1935 1639 2005 aeque
1659 1933 1700 1982 ac
1720 1915 1853 2002 reliquis
1875 1913 2141 2003 tpronunoietar
2161 1923 2259 2003 atque

488 2035 587 2124 plana
619 2031 763 2100 Arabico
794 2054 833 2120 o.)
857 2071 888 2117 Δ
908 2033 1083 2101 conueniat
1104 2041 1223 2123 torma,
1243 2031 1387 2102 secunda
1407 2032 1583 2102 Persarum
1603 2033 1700 2099 litera
1726 2033 1841 2124 luerit,
1867 2051 2007 2102 necesse
2035 2038 2097 2100 est
2164 2031 2258 2120 Apud

488 2151 646 2238 Anquetil
668 2149 749 2216 Tab.
773 2147 856 2216 vill
878 2153 963 2219 inter
983 2151 1100 2220 literas
1120 2149 1294 2218 Pehluicas
1315 2157 1428 2219 exstat
1459 2165 1490 2235 tp
1522 2171 1582 2239 pro
1603 2146 1635 2240 b,
1655 2149 1740 2238 qnod
1762 2167 1841 2218 caue
1863 2169 1922 2237 pro
1935 2149 2071 2236 simplici
2084 2148 2181 2217 litera
2202 2171 2260 2217 su·

489 2283 590 2333 mere.
634 2261 773 2334 Scilicet
793 2265 949 2354 Anquetil
973 2267 1035 2338 duo
1057 2269 1152 2353 signa
1173 2287 1233 2356 pro
1254 2265 1274 2332 l>
1295 2267 1406 2336 attulit
1425 2273 1546 2354 punctu
1575 2267 1805 2353 distinguenda
1833 2267 1882 2334 vti
1903 2285 1955 2333 no.
1977 2264 2016 2356 6,
2043 2265 2225 2354 dequibus
2248 2283 2258 2323 ¹

489 2381 659 2480 proprie,
685 2401 708 2446 c
734 2387 799 2470 est,
829 2391 869 2451 vt
896 2383 980 2451 inira
1008 2384 1201 2452 videbimus.
1263 2382 1376 2472 Saepe
1404 2383 1490 2451 euim
1521 2385 1652 2475 accidit,
1679 2390 1719 2452 vt
1744 2401 1766 2449 o
1792 2381 2035 2471 pronunciando
2056 2384 2152 2453 abeat
2171 2383 2206 2450 in
2226 2382 2257 2470 t,

489 2517 653 2586 versaque
674 2517 757 2566 arce.

641 2647 663 2701 e
688 2649 740 2683 =
764 2649 814 2726 q·
845 2631 939 2715 Quae
964 2633 1130 2723 laquetili
1157 2636 1289 2704 auditio
1317 2637 1523 2704 confirmatur
1548 2635 1642 2703 huius
1663 2635 1779 2704 literae
1807 2638 1917 2704 lorma.
1982 2635 2154 2704 simillima
2174 2639 2257 2705 enim

490 2754 544 2816 est
572 2746 722 2816 Zendica
748 2756 784 2818 et
809 2751 967 2819 l'ehlnica
995 2751 1184 2837 aliterae)
1208 2751 1228 2818 b
1254 2761 1386 2840 praeter
1411 2753 1591 2843 circellum,
1616 2774 1678 2841 quo
1707 2752 1895 2822 ‹ltacriticae
1921 2753 2039 2821 literae
2070 2755 2256 2840 agenuinis

490 2865 740 2952 distinguuntur.
805 2862 959 2935 Ceterum
985 2867 1085 2936 Parsi
1110 2877 1283 2958 utramque
1303 2872 1464 2954 literam)
1491 2867 1525 2931 el
1550 2889 1571 2942 a
1592 2877 1751 2938 vocarunt
1772 2869 1826 2960 tn,
1847 2877 1935 2938 teste
1963 2869 2154 2940 Niebuhrio.

641 2997 759 3070 pa?
784 3001 837 3037 -·-··
861 3007 970 3116 E&
1019 2985 1129 3053 Primo
1151 2989 1236 3053 enim
1258 3003 1474 3074 perperamp
1501 2985 1536 3047 et
1559 3004 1598 3077 p,
1620 3007 1716 3076 quum
1740 3005 1851 3056 meme
1880 2987 1948 3054 sint
1973 2987 2118 3056 eiusdem
2138 2989 2258 3058 literae

489 3097 703 3178 variationes,
723 3118 783 3186 pro
805 3031 945 3168 diuersis
966 3102 1157 3169 habuerunt
1212 3102 1351 3170 Rectius
1372 3103 1528 3191 Anquetil
1552 3120 1575 3192 p
1600 3117 1671 3166 cum
1695 3142 1751 3231 ζ,
1741 3113 1875 3183 ‚quam
1900 3121 1923 3194 p
1947 3116 2016 3165 cum
2037 3085 2092 3166 ’ξ
2123 3115 2256 3184 compa-

490 3232 584 3322 rauit,
611 3230 732 3319 quippe
759 3235 1027 3318 pronunciatione
1051 3235 1167 3303 literae
1195 3252 1340 3324 pperp
1368 3236 1536 3304 seductas.
1601 3235 1703 3319 Quum
1788 3253 1836 3292 =
1859 3237 2121 3306 linitiovaleret
2139 3257 2181 3324 p,-
2194 3257 2258 3305 non

489 3349 618 3435 mirum,
640 3365 662 3438 p
684 3367 811 3437 quoque
832 3351 940 3416 serius
961 3351 1085 3437 passim
1103 3370 1126 3436 9
1147 3353 1309 3421 munisse.
1373 3352 1460 3426 lliuc
1482 3350 1629 3418 Niebuhr
1653 3351 1721 3437 pto
1743 3373 1801 3439 pro
1824 3357 1952 3423 nomine
1981 3369 2003 3442 p
2029 3353 2164 3439 accepit.
2183 3353 2258 3420 Vti-
2379 3353 2380 3387 l

488 3483 552 3551 que
572 3464 668 3551 Bopp
690 3470 725 3532 et
747 3465 842 3530 llask
866 3481 888 3552 p
913 3468 1130 3551 pronunciant
1152 3487 1187 3551 p.
1250 3467 1440 3534 l’cluluicam
1464 3483 1508 3545 ρ,
1543 3464 1627 3552 apud
1662 3467 1874 3537 Niebuhrium
1910 3469 2019 3537 tacltia
2052 3471 2257 3558 appellatum,

492 3597 557 3646 non
579 3577 722 3644 diaeraa
753 3593 776 3665 p
801 3579 866 3644 nisi
894 3578 1015 3645 lineola
1035 3580 1122 3646 finali
1143 3587 1270 3648 curtata
1290 3588 1390 3669 atque
1412 3589 1532 3670 puncto
1553 3582 1724 3673 submisso,
1743 3602 1806 3670 quo
1829 3585 1996 3654 Persicum
2031 3670 2039 3688 ·
2088 3590 2258 3656 etiamnum

493 3691 627 3778 gaudet.
677 3691 796 3777 ltaque
820 3693 1027 3783 perspicitur,
1048 3711 1071 3784 p
1096 3693 1132 3754 et
1150 3713 1177 3769 ρ
1202 3714 1269 3764 aon
1289 3697 1392 3766 solum
1414 3698 1696 3790 pronunciatione,
1716 3699 1778 3768 sed
1805 3700 1904 3770 etiam
1935 3705 2064 3772 nomine
2098 3711 2134 3773 et
2159 3704 2261 3770 torma

491 3804 693 3895 respondere
719 3853 756 3937 Ε
780 3806 1000 3892 Ncopersioo.

645 3939 785 4022 pe:
809 3970 865 4052 ὓ.
907 3925 1005 3992 llaurd
1026 3927 1111 3997 male
1131 3930 1217 3996 enim
1236 3929 1394 4018 Anqaetil
1416 3950 1487 4000 cnm
1527 4015 1535 4032 1
1577 3933 1776 4021 comparauit
1804 3951 1835 4034 p,
1849 3937 1980 4024 quadiu
1992 3940 2261 4030 alphabetoNie-

491 4038 596 4110 bularil
616 4039 691 4124 alja
710 4042 904 4129 appellatur.
955 4045 1144 4144 Boppiusp
1172 4047 1296 4135 pariter
1324 4052 1472 4139 atqucp
1511 4054 1599 4118 inter
1620 4050 1784 4137 palatinas
1805 4053 1918 4123 retulit
1945 4056 2029 4125 haud
2057 4057 2157 4136 male,
2178 4075 2265 4140 quo-

490 4159 576 4228 niam
620 4239 627 4256 ο
669 4155 704 4219 ei
727 4205 770 4284 c„
796 4175 844 4216 =
868 4169 883 4226 t
909 4155 1036 4229 linitio
1053 4181 1077 4246 9
1097 4185 1120 4245 γ
1139 4170 1325 4230 sonuerunt
1371 4165 1526 4233 Ceterum
1546 4167 1659 4256 claret,
1681 4184 1701 4266 p
1727 4167 1761 4228 et
1785 4184 1818 4264 p,
1838 4190 1909 4240 cum
1930 4171 2091 4241 circellum
2111 4168 2266 4238 dimetiri.

496 4293 569 4342 cum
588 4275 631 4342 lau
654 4283 851 4366 cantatque
871 4277 977 4344 literis
998 4294 1020 4366 p
1040 4295 1067 4352 ,Δ
1089 4277 1271 4346 simillimae
1292 4281 1370 4370 siut,
1398 4281 1501 4351 luisse
1590 4283 1771 4353 zendicum
1792 4294 1828 4355 et
1848 4289 2043 4357 l'ehlnicum

1521 4331 1566 4410 ὓ.

644 4423 660 4479 9
686 4423 700 4464 ³
726 4421 760 4461 ἓ
792 4421 816 4478 ο
842 4431 881 4493 3.
930 4409 1045 4477 Litora
1065 4408 1213 4477 zendica
1237 4427 1266 4494 9,
1289 4429 1383 4499 quam
1403 4415 1558 4504 Anqaetil
1584 4417 1658 4504 ipse
1680 4437 1752 4487 cum
1775 4417 2154 4507 ecompnratl’ursiqnc,
2171 4424 2264 4490 teste

493 4520 687 4609 Niebuhriu,
708 4525 754 4589 do
774 4529 943 4613 vocarunt,
963 4531 1079 4614 aperte
1107 4543 1179 4593 cum
1200 4527 1405 4615 Neopersico
1427 4544 1453 4599 ο
1476 4533 1628 4600 conuenit
1654 4535 1766 4622 figura.
1829 4535 1986 4606 Pelalulaa
2011 4551 2127 4626 aquae
2140 4535 2263 4625 inspe-

494 4638 662 4707 ciminiuus
683 4640 768 4728 apud
790 4641 945 4729 Anquetil
968 4643 1091 4728 passim
1112 4647 1261 4736 occurrit,
1276 4665 1310 4733 ,a
1333 4641 1347 4704 3
1373 4665 1410 4701 =
1439 4643 1541 4717 bnon
1562 4650 1680 4739 dinen,
1700 4653 1764 4719 nisi
1784 4650 1903 4718 lineola
1923 4651 2101 4720 discriticu.

645 4773 665 4848 Q
690 4753 710 4828 5
736 4751 750 4814 3
773 4775 827 4808 =
854 4752 888 4822 ὁ.
933 4755 1056 4826 0mnes
1077 4761 1162 4827 enim
1183 4779 1203 4855 o
1225 4765 1441 4851 pronunciant
1462 4765 1485 4828 d
1506 4768 1644 4851 atquae
1674 4766 1803 4835 circello
1832 4773 1931 4855 atque
1959 4769 2079 4836 lineola
2107 4769 2260 4839 adiuncta

422 4911 429 4920 -
494 4872 749 4962 apparatione
776 4874 903 4942 literam
925 4891 1004 4941 esse
1032 4875 1230 4945 diacritiuam
1253 4875 1290 4945 ὁ.
1333 4878 1428 4962 Quod
1450 4879 1625 4949 l‘eluluicas
1644 4876 1663 4940 ⁴>
1682 4879 1717 4943 et
1729 4876 1749 4952 3
1774 4883 1910 4973 attinet,
1937 4903 2019 4973 quas
2046 4886 2145 4954 Parui
2171 4893 2258 4956 teste

492 4989 672 5059 Niebuhrio
693 4991 752 5058 dal
771 4989 986 5079 appellarunt,
1017 4991 1115 5076 plane
1140 4994 1204 5061 luae
1224 5013 1296 5062 cam
1320 4990 1345 5062 ὁ
1367 4995 1573 5064 conueniunt.
