4774 6104
1256 565 1509 640 ..42-

653 765 770 855 ltaque
796 765 951 854 probatur
976 760 1127 852 primurn,
1155 761 1240 850 quod
1269 761 1327 830 uix
1356 761 1488 831 aliunde
1516 759 1646 850 probari
1672 763 1826 849 potuerit,
1863 757 2102 848 alphabeticum
2129 763 2277 828 nostram

503 886 695 976 scripturam
717 885 750 950 in
772 903 836 952 vsu
858 883 920 950 iam
942 881 1056 971 inisse,
1075 898 1138 968 qno
1159 886 1306 968 tempore
1326 878 1542 968 antiquissimi
1564 879 1683 966 papyri
1709 885 1745 946 et
1764 877 1873 946 stelae
1894 878 2080 946 existerent
2099 878 2133 944 in
2155 877 2276 964 Aegy-

503 1011 571 1094 pto.
615 1003 738 1090 Papyri
759 999 985 1087 antiquissimi,
1006 1017 1101 1085 quum
1122 997 1366 1066 amantissime
1393 996 1499 1085 diem,
1524 1014 1669 1064 mensem
1690 1013 1872 1084 annumque
1902 995 2106 1063 Pharaonem
2130 999 2197 1060 tum
2219 1011 2275 1059 re·

502 1119 668 1206 gnantium
690 1117 835 1185 indicare
856 1117 997 1204 soleant,
1018 1119 1172 1204 spectant
1192 1113 1234 1180 ud
1247 1113 1463 1203 Amenophin,
1476 1112 1537 1180 sub
1551 1133 1625 1202 quo,
1642 1119 1680 1181 vt
1695 1121 1831 1182 veteres
1852 1113 1996 1200 tradunt,
2009 1112 2181 1180 israelitae
2206 1111 2275 1178 Ae·

503 1243 639 1324 gyptum
660 1234 788 1321 egressi
808 1241 895 1324 sunt,
915 1240 1013 1322 atque
1035 1233 1078 1300 00
1099 1238 1279 1320 sequentes
1291 1231 1380 1319 000.
1396 1229 1522 1298 xvrll.
1544 1249 1652 1317 reges.
1673 1231 1930 1320 Antiquissimae
1951 1249 2033 1298 vero
2045 1229 2275 1318 inscriptiones

504 1352 780 1443 hieroglyphicae,
806 1352 915 1420 tabula
942 1349 1093 1440 Abydico
1128 1348 1321 1417 Manethoni
1355 1348 1593 1438 adstipulante,
1628 1351 1796 1437 pertinent
1827 1348 1870 1416 ad
1905 1366 2008 1436 regna
2042 1367 2155 1432 reguum
2186 1345 2274 1434 Dyn.

503 1471 601 1540 xvir
629 1477 663 1538 et
689 1470 783 1538 xvl.
846 1470 915 1538 lom
941 1469 1028 1536 vltra
1056 1466 1235 1555 procedere
1262 1468 1353 1535 licet.
1402 1465 1540 1534 Scilicet
1567 1465 1609 1533 de
1638 1468 1774 1554 papyris
1802 1466 1900 1534 dictis
1928 1463 2164 1554 antiquissimis
2193 1483 2275 1531 noo·

503 1588 582 1657 nulli
602 1593 678 1655 0001
698 1587 862 1676 rescripti,
882 1605 961 1674 ergo
983 1585 1194 1674 antiquiores.
1238 1586 1349 1672 Atque
1371 1584 1487 1652 literae
1509 1589 1577 1649 tum
1598 1583 1792 1674 hieraticae,
1812 1590 1879 1652 tum
1899 1579 2166 1669 hieroglyphioae
2187 1583 2274 1648 anti-

505 1705 681 1794 quissimae
702 1702 784 1772 adeo
807 1704 991 1793 eleganter,
1020 1709 1190 1786 accurate,
1217 1709 1396 1789 ornateque
1430 1705 1588 1769 exaratae
1616 1708 1790 1768 cernuntur
1816 1702 1850 1768 in
1871 1699 2087 1768 monumentis
2108 1698 2219 1786 dictis,
2241 1707 2277 1788 vt

505 1814 627 1914 nemini
648 1820 838 1908 persuaderi
858 1822 982 1910 possit,
1002 1819 1198 1908 scripturam
1218 1819 1304 1908 apud
1325 1819 1510 1906 Aegyptios
1531 1817 1656 1905 aliquot
1676 1819 1820 1887 saeculis
1841 1820 1931 1907 prius
1952 1820 1987 1885 10
2008 1837 2071 1884 000
2085 1836 2148 1883 000
2163 1815 2275 1882 luisse.

504 1919 652 2028 ¹llidesis,
673 1958 767 2028 quam
789 1938 921 2027 antique
942 1938 985 2007 ad
1007 1946 1154 2024 tempora
1174 1937 1339 2026 alphabeti
1362 1936 1518 2023 originem
1538 1935 1666 2004 referre
1684 1955 1837 2023 cogamur
1853 1935 2068 2004 monumentis
2087 1927 2273 2022 ,00ῄο11110.

505 2057 674 2144 Aegyptii,
696 2057 727 2122 si
754 2075 839 2123 anno
862 2054 969 2123 0000
998 2075 1029 2124 a.
1052 2051 1112 2122 Ch.
1137 2055 1314 2142 alphabeto
1342 2056 1538 2143 caruissent,
1571 2054 1756 2142 neutiquam
1778 2054 1925 2121 scrihere
1955 2053 2141 2140 nocuissent
2161 2051 2274 2118 literas

505 2191 718 2260 numerosque
732 2192 811 2240 suos
825 2179 890 2240 tum
900 2173 1073 2260 eleganter
1089 2191 1129 2241 ac
1143 2173 1302 2262 perfecte,
1316 2193 1411 2262 quam
1425 2171 1573 2240 lecerunt
1593 2171 1625 2239 in
1639 2171 1774 2260 papyris
1786 2172 1942 2259 stelisque
1956 2189 2069 2255 regum
2080 2169 2169 2255 llyn.
2184 2168 2273 2235 xvi.

504 2271 617 2392 01011.
639 2289 764 2356 1111111.
806 2291 991 2358 Memorare
1012 2289 1101 2374 licet,
1119 2291 1160 2357 ah
1181 2290 1244 2357 hoc
1265 2289 1342 2357 inde
1364 2295 1511 2379 tempore
1530 2295 1632 2357 totam
1662 2279 1899 2378 Aegyptiorum
1926 2287 2127 2354 literaturam
2147 2286 2272 2354 sensim

505 2407 691 2484 sensimque
711 2407 744 2472 in
766 2405 859 2492 peius
881 2407 997 2473 mutari
1019 2412 1167 2493 coeptam
1188 2424 1279 2474 esse.
1502 2401 1506 2408 '

657 2519 695 2588 2.
741 2519 858 2588 000110
878 2521 1119 2611 Aegyptiorum
1139 2523 1317 2590 1110001010
1336 2540 1407 2591 nort
1426 2525 1479 2590 eat
1493 2521 1684 2612 00000000,
1702 2523 1764 2591 ced
1783 2520 2048 2610 alphabeticum
2067 2521 2270 2588 0001000100.

505 2629 622 2728 'Vsque
634 2639 676 2707 00
690 2637 811 2725 Young
832 2659 945 2707 omnes
958 2645 1122 2728 putarunt,
1139 2639 1382 2728 hieroglyphice
1395 2641 1525 2728 singula
1538 2642 1723 2728 significare
1734 2641 1904 2729 vocabula,
1917 2641 1988 2708 siue
2000 2639 2151 2708 notiones
2162 2639 2274 2725 singu·

507 2755 569 2822 lus.
619 2755 798 2844 Postquam
822 2757 944 2843 Young
965 2755 1257 2847 dernonstrauerat,
1277 2764 1369 2824 certa
1390 2757 1633 2846 hieroglyphice
1654 2779 1732 2827 esse
1753 2759 1867 2825 literas
1888 2776 1928 2825 ec
1949 2756 2114 2848 syllabae,
2140 2775 2215 2824 mox
2235 2775 2274 2823 eo

506 2877 651 2962 ventum,
671 2879 711 2940 01
731 2871 929 2963 crederetur,
949 2870 1195 2962 hieroglyphice
1216 2873 1285 2942 lere
1305 2877 1412 2942 omnia
1432 2875 1465 2942 in
1486 2875 1665 2942 nominihus
1686 2875 1825 2964 propriis
1839 2875 1934 2943 chuia
1961 2893 2040 2942 esse
2062 2874 2274 2963 alphabetica,

506 2979 632 3076 'reliqua
653 3007 733 3057 vero
755 2990 941 3078 symbolica.
986 2991 1083 3058 Anno
1109 2987 1213 3058 1825
1235 2991 1374 3079 nosipsi
1389 2991 1528 3080 quidem,
1544 2994 1785 3080 comparatione
1806 2993 1999 3081 scriptorum
2018 2990 2274 3060 Hermelicorum

505 3105 1148 3194 0011000011011,οιοοοι0010001000,
1170 3128 1295 3176 omnem
1317 3109 1554 3198 Aegyptiorum
1581 3110 1783 3178 literaturam
1810 3129 1888 3178 esse
1917 3109 2168 3198 alphabeticamq
2194 3107 2275 3174 item

505 3221 611 3290 literis
633 3221 812 3314 demoticis,
839 3223 1019 3315 hieraticis,
1038 3225 1356 3315 hieroglyphicisqne
1377 3228 1517 3295 subesse
1538 3227 1745 3314 alphabetum
1754 3227 1976 3312 Phoenicium,
1999 3230 2061 3296 imo
2072 3227 2189 3293 literas
2203 3225 2273 3292 Ae-

506 3341 640 3428 gyptias
662 3342 789 3408 omnino
811 3342 1020 3426 grammatice
1041 3345 1200 3432 explicari
1222 3343 1354 3412 dehere.
1399 3342 1494 3425 0000
1524 3345 1588 3411 100
1614 3345 1751 3431 egregie
1771 3344 1877 3432 signis
1907 3345 2141 3434 Aegyptiorum
2162 3361 2272 3410 norne-

508 3455 629 3520 ralihus
645 3455 860 3522 contirmatur.
888 3457 1048 3542 Aegyptii
1069 3460 1167 3540 enirn,
1189 3479 1285 3542 quum
1297 3459 1503 3544 alphabetum
1524 3481 1639 3530 verum
1665 3461 1808 3530 numeris
1829 3481 2022 3551 expressum
2042 3461 2273 3550 antiquissimis

508 3570 635 3634 iamiam
658 3568 856 3655 temporibus
877 3570 1047 3657 haberent,
1067 3571 1153 3637 nullo
1174 3578 1271 3657 pacto
1291 3575 1485 3659 scripturam
1518 3579 1723 3664 perspicuam
1754 3581 1958 3665 maximeque
1985 3580 2166 3666 simplicem
2186 3598 2274 3646 com·

508 3689 692 3750 mutassent
714 3702 785 3750 cum
806 3683 946 3752 obscura
967 3690 1065 3771 etque
1084 3686 1305 3774 inexplicabili
1327 3691 1516 3776 symbolica.
1582 3693 1647 3758 Per
1673 3710 1713 3760 00
1734 3713 1860 3781 quoque
1881 3695 2002 3762 clarius
2028 3696 2102 3766 luce
2124 3703 2275 3786 001,οε-

508 3799 624 3867 minem
645 3797 726 3866 4110
749 3800 853 3886 signis
874 3800 1072 3891 symbolicis,
1093 3809 1171 3893 quot
1190 3813 1269 3873 sunt
1291 3805 1537 3894 hieroglyphice
1558 3827 1640 3876 vere
1654 3806 1797 3898 diuersa,
1819 3812 2029 3880 conscribere
2051 3815 2200 3901 potuisse
2222 3811 2276 3880 vel

508 3937 606 3985 vnum
627 3937 794 4006 papyrum,
816 3919 962 4006 quamuis
984 3920 1133 3988 notiones
1154 3922 1211 3990 vel
1232 3923 1373 3992 maxime
1393 3923 1549 4010 'vulgares
1571 3925 1801 3996 continentem.
1845 3927 1930 4012 Quid
1953 3931 2058 4000 dicam
2081 3933 2123 3998 dc
2137 3929 2277 3997 millibus

508 4033 750 4121 inscriptionum
772 4033 848 4125 illis,
868 4035 921 4104 uel
942 4035 985 4104 de
1004 4036 1097 4106 libris
1119 4035 1171 4107 00
1194 4041 1393 4109 Ηοιο011010
1415 4035 1582 4130 integris?
1634 4043 1703 4112 Fac
1731 4052 1780 4114 tot
1801 4056 2008 4117 monumenta
2032 4046 2281 4131 hieroglyphice

508 4153 610 4219 101000
631 4151 817 4240 conscripta
836 4153 940 4240 signis
960 4153 1042 4220 4ὅο
1065 4156 1191 4225 rationo
1211 4159 1409 4250 symbolica,
1441 4160 1513 4247 quis
1541 4178 1664 4248 quaeso
1685 4163 1844 4232 sacerdos
1863 4167 1919 4234 vel
1941 4181 2062 4252 pariens
2074 4162 2151 4247 post
2171 4175 2283 4229 annos

508 4268 671 4336 valuisset
691 4270 848 4338 eiusmodi
869 4291 1002 4344 versum
1023 4273 1140 4340 iterum
1160 4267 1372 4363 intelligere?
1415 4275 1573 4366 Loquitur
1601 4279 1729 4367 quidem
1757 4279 1911 4350 Clemens
1939 4283 1991 4346 Al.
2016 4276 2059 4344 de
2084 4274 2281 4362 symbolicis

508 4384 741 4470 Aegyptiorum
762 4387 1036 4480 hieroglyphicis3
1057 4396 1092 4457 at
1111 4397 1268 4460 memorat
1294 4411 1336 4460 00
1362 4413 1427 4461 000
1456 4401 1617 4484 tamqnam
1645 4399 1816 4486 primaria,
1837 4397 1898 4465 sed
1919 4401 1957 4465 vt
1977 4391 2173 4462 secumduria
2198 4405 2280 4480 post

509 4500 731 4591 alphabeticn,
761 4505 817 4570 dccc
846 4529 910 4572 raa
937 4528 1070 4594 πρωτων
1097 4530 1244 4586 coaxatae
1271 4508 1447 4599 loquentia.
1501 4509 1593 4592 0000
1620 4513 1864 4602 hieroglyphice
1892 4511 1978 4600 apud
2008 4507 2210 4579 Clementem
2233 4532 2277 4579 ne

510 4635 653 4685 necesse
681 4619 806 4706 quidem
820 4628 872 4687 est
885 4622 926 4688 00
943 4623 1136 4711 scripturam
1163 4625 1398 4714 Aegyptiorum
1417 4628 1548 4715 proprie
1576 4629 1696 4697 dictam
1722 4630 1856 4719 reterre,
1871 4648 1965 4718 quum
1994 4627 2148 4698 Clemens
2175 4628 2275 4696 etiam

509 4736 726 4802 astronomica
745 4735 999 4826 hieroglyphice,
1020 4760 1104 4828 quae
1124 4741 1202 4808 item
1223 4741 1265 4808 ad
1285 4766 1416 4832 ypuqqu
1435 4744 1670 4833 Aegyptiorum
1691 4745 1873 4835 pertinent,
1893 4747 1926 4812 in
1946 4753 2056 4814 mente
2076 4747 2199 4814 hahere
2211 4765 2272 4834 po·

509 4851 620 4918 tuerit.
668 4848 839 4933 0010010
867 4853 952 4921 hunc
979 4874 1047 4923 rem
1073 4856 1227 4925 decidere
1252 4859 1424 4927 maluerint
1451 4859 1714 4950 inscriptionibus
1741 4861 1845 4930 veluti
1876 4863 2078 4953 1100011000,
2103 4863 2273 4950 videbunt,

508 4966 654 5053 symbola
678 4968 922 5057 hieroglyphice
948 4989 1013 5040 non
1042 4991 1121 5042 esse
1145 4973 1384 5062 frequentiora,
1409 4995 1504 5065 quam
1529 4979 1677 5065 symbola
1702 4978 1826 5046 nostris
1853 4980 1887 5048 in
1917 4980 2009 5050 libris
2035 4978 2270 5052 0010000100.
