4774 6104
1233 612 1481 688 ..62-

471 825 655 916 satrapias,
674 821 790 892 l’crsis
810 816 1007 888 tributarias
1055 811 1155 899 Quas·
1167 812 1335 902 inscriptio
1355 809 1576 880 Niebubriuna
1594 817 1647 879 no.
1669 809 1698 879 l.
1717 807 1833 882 eodem
1852 807 1921 878 tere
1942 807 2056 876 ordine
2068 813 2246 898 enumerat,

472 945 599 1018 scilcet
618 942 699 1011 horr

626 1095 675 1194 r]
701 1089 746 1192 ἢ.
772 1089 833 1192 tp.
858 1086 938 1193 Ξῖ.
964 1087 1041 1188 le·
1068 1087 1188 1188 pp=
1206 1091 1276 1180 sun·
1298 1118 1351 1154 =
1375 1076 1481 1226 '0⁰73-
1504 1097 1536 1165 u.
1558 1114 1588 1165 e.
1631 1094 1956 1164 sestaronus.
2003 1093 2069 1162 rute
2090 1121 2131 1196 up
2155 1090 2244 1161 duri-

473 1247 587 1317 uscule
615 1243 770 1312 sonuisse
804 1239 951 1328 videtur,
982 1259 1029 1326 υο
1051 1254 1132 1304 vero
1153 1236 1239 1302 iusto
1260 1235 1380 1325 lenius,
1398 1234 1490 1301 vorle
1512 1230 1712 1298 Graecorum
1732 1231 1865 1314 Περσις.
1972 1221 1977 1226 ’

625 1397 675 1496 8)
700 1397 770 1493 (ῇ.
803 1389 914 1493 »iffi
938 1388 1013 1488 ›i‹
1038 1421 1091 1453 =
1116 1392 1183 1468 ttVt
1208 1418 1261 1453 ··-·-·
1288 1380 1321 1508 ς
1341 1398 1425 1468 haud
1453 1400 1549 1468 dubie
1578 1399 1703 1466 chvorr
1722 1425 1766 1458 =
1787 1393 1935 1464 Chawun
1960 1401 2070 1484 [χωρα
2089 1419 2147 1476 της
2168 1396 2246 1476 Μη-

477 1550 584 1635 icoo),
608 1543 706 1613 etiam
728 1543 851 1610 Xooou
872 1535 1046 1628 appellata
1110 1535 1268 1602 Nimirum
1290 1535 1408 1603 literae
1435 1552 1490 1600 uro
1518 1533 1670 1602 celeriter
1697 1531 1930 1619 pronunciatus
1953 1549 2066 1599 sonum
2086 1531 2247 1619 literaeq
2380 1579 2381 1614 p

475 1665 612 1733 similem
639 1659 794 1749 effluunt,
811 1650 917 1746 'quem
945 1653 1067 1724 Grueci
1094 1653 1192 1721 litera
1218 1677 1243 1734 χ
1265 1652 1449 1741 exprimere
1478 1655 1652 1738 potuerunt
1672 1668 1712 1718 ac
1732 1648 1923 1717 debuerunt.
1988 1647 2094 1716 llecte
2114 1647 2249 1716 Lusscu

476 1764 574 1868 -Ῑξ
597 1797 656 1867 pro
677 1797 708 1844 ru
728 1776 851 1858 habuit,
872 1773 958 1842 male
979 1762 1128 1840 Burnoui
1143 1773 1244 1859 proi
1287 1771 1362 1838 Hoc
1382 1768 1511 1858 quidem
1533 1769 1692 1837 vocabulo
1712 1767 1847 1857 priunum
1874 1764 2038 1855 probatur,
2067 1750 2249 1854 »ΚΑΜ

476 1917 536 1988 pro
558 1897 647 1966 serie
666 1901 782 1964 nostru
802 1891 1032 1960 combinutoria
1052 1889 1170 1958 literae
1190 1897 1214 1952 tt
1235 1887 1424 1976 respondet,
1444 1905 1525 1956 rere
1545 1906 1569 1954 u
1590 1885 1747 1976 valuisse,
1779 1883 1828 1952 vti
1849 1882 2005 1972 Burncnl,
2023 1881 2079 1969 qui
2098 1867 2173 1966 ›l‹
2189 1895 2249 1964 pro

478 2015 596 2102 spiritu
615 2012 682 2080 leni
703 2011 727 2080 Ιι
748 2011 871 2101 habuit,
891 2011 957 2078 ium
977 2008 1104 2077 vidisse
1122 2005 1261 2075 videtur.
1304 2005 1436 2074 Lassen
1458 2003 1587 2092 quidem
1608 2003 1681 2071 huic
1702 2002 1798 2088 signo
1820 2002 1932 2068 tribuit
1952 2019 2067 2068 sonum
2085 1999 2147 2089 rig,
2167 2019 2250 2088 quu-

477 2134 566 2200 niam
585 2156 605 2198 r
625 2131 658 2196 in
682 2130 806 2196 Xouorr
827 2135 863 2195 et
884 2129 1005 2194 Xouro
1026 2128 1153 2214 [popo]
1175 2143 1234 2211 pro
1255 2121 1393 2190 rediculi
1414 2121 1561 2189 haberet
1604 2120 1653 2186 At
1672 2125 1776 2208 patet,
1795 2118 1986 2187 vccabulum
2016 2119 2139 2184 Xoorru
2169 2136 2248 2187 esse

477 2247 672 2319 adiectinum
692 2246 818 2334 pariter
838 2251 937 2332 atque
955 2241 1102 2333 Ἀριανα,
1123 2259 1187 2330 qua
1206 2240 1241 2308 in
1262 2247 1352 2308 terra
1372 2245 1463 2307 teste
1483 2237 1654 2325 Stephano
1674 2235 1713 2304 ll.
1733 2233 1852 2324 Ἄρειοι
1872 2235 2070 2304 habitarunt.

629 2402 679 2498 o)
705 2403 800 2492 »pp
827 2395 887 2497 tp.
913 2399 948 2495 p
972 2429 1025 2464 ==
1050 2416 1099 2487 uu
1117 2427 1171 2460 =
1186 2383 1246 2479 ui
1267 2405 1354 2474 naun
1375 2405 1471 2475 unte
1491 2404 1615 2496 meurs,
1635 2403 1732 2491 vulgo
1754 2407 1832 2492 ηρ.
1858 2401 1948 2470 nuc
1968 2407 2059 2472 rectu
2084 2393 2247 2472 suenrus

478 2567 574 2638 quum
607 2553 632 2614 u
660 2538 697 2610 b
719 2545 870 2614 sonuisse
891 2544 1045 2633 cernitur,
1064 2559 1172 2630 neque
1192 2559 1274 2611 vero
1294 2561 1317 2608 rr
1338 2541 1410 2610 siuc
1429 2543 1470 2607 tr.

422 2776 425 2788 ,
634 2699 706 2797 ro)
732 2681 793 2785 εγ.
819 2691 881 2796 tp.
906 2697 969 2783 :t
994 2709 1058 2796 ti·
1082 2697 1176 2795 —«.
1200 2697 1271 2795 (ῇ.
1298 2691 1350 2795 '‹’‹
1372 2725 1425 2760 =
1448 2685 1536 2808 siun
1559 2723 1613 2760 =
1639 2681 1754 2798 „iuri
1773 2703 1934 2793 croyon,
1961 2704 2034 2773 stne
2055 2705 2245 2794 muyunn

479 2849 564 2918 lliro
584 2845 679 2916 modo
701 2846 833 2914 Lissen
853 2845 906 2914 his
926 2844 969 2914 tle
990 2844 1096 2914 literis
1117 2842 1290 2912 extricanit
1311 2842 1472 2911 vocabula
1490 2839 1567 2910 Bab
1588 2837 1702 2908 Setun
1722 2841 1754 2907 h.
1778 2859 1808 2908 e.
1840 2837 1962 2908 Susam
1983 2841 2155 2930 capitalem
2176 2841 2249 2910 lla·
2382 2825 2383 2892 i

479 2966 649 3054 bylonice3
677 2964 798 3051 quippe
817 2963 914 3031 litera
934 2948 1015 3048 ⁵«
1039 2981 1097 3050 pro
1118 2961 1179 3029 solt
1200 2961 1312 3029 babitu
1331 2958 1498 3028 seductus.
1541 2959 1590 3025 At
1610 2956 1806 3027 combinatio
1825 2959 1989 3028 literarum
2001 2957 2247 3028 cuneolormium

482 3083 575 3151 clare
599 3081 713 3168 torst,
749 3068 833 3166 ⁵«
848 3079 1051 3167 respondero
1063 3078 1170 3148 literis
1191 3054 1209 3140 i
1228 3065 1264 3161 ci,
1286 3077 1336 3144 vti
1354 3083 1447 3146 recte
1469 3075 1553 3144 virlit
1573 3075 1723 3144 uurnont.

632 3232 705 3331 ll]
732 3229 793 3333 ᾗ.
827 3229 904 3332 iffi.
936 3232 999 3318 :i
1026 3232 1086 3333 ἰῇ
1120 3229 1196 3330 Κ·
1219 3261 1273 3296 =·-
1296 3249 1387 3333 mitt
1412 3261 1465 3296 =
1489 3219 1564 3372 &i
1583 3243 1668 3312 forte
1689 3241 1822 3313 Arabia.
1877 3243 1997 3331 Vtique
2017 3242 2091 3311 hnic
2108 3223 2250 3310 senoenss

478 3383 547 3452 tiae
568 3383 689 3471 obstat,
709 3382 795 3469 quod
816 3381 1007 3449 Herodotus
1027 3381 1146 3469 aliique
1168 3377 1313 3469 uniunt,
1332 3377 1465 3446 Arabes
1486 3397 1552 3446 nou
1573 3379 1761 3446 tributarios
1782 3379 1887 3447 fuisse
1908 3378 2036 3448 Persis.
2078 3377 2127 3444 At
2146 3396 2249 3464 qnae·
2383 3385 2384 3400 ¹

479 3500 571 3589 nitur,
590 3519 666 3567 unm
686 3497 853 3585 inscriptio
873 3503 988 3564 nostra
1007 3497 1174 3564 contineat
1194 3495 1376 3581 catalogum
1396 3495 1501 3562 solum
1522 3499 1679 3564 terrarum
1699 3495 1846 3564 al'ersis
1867 3501 2133 3584 expugnaturum
2174 3493 2245 3561 lle-

481 3621 558 3683 sunt
578 3615 662 3681 enim
683 3613 777 3678 lunius
797 3613 929 3697 generis
951 3617 1071 3700 terrae,
1091 3609 1142 3679 vti
1163 3610 1356 3700 Aegyptus,
1384 3607 1586 3698 Palaestina,
1614 3611 1803 3680 Phoeniciu.
1845 3611 1956 3680 Etiam
1977 3612 2049 3679 ueri
2077 3612 2192 3700 potuit,
2211 3618 2249 3694 vt

481 3728 625 3798 Arabim
645 3745 724 3815 pars
746 3727 864 3794 saltem
885 3728 950 3793 tum
972 3725 1114 3794 seruiret
1133 3725 1261 3817 Persis,
1282 3725 1337 3794 vel
1360 3722 1557 3795 0rmunrlum
1571 3729 1705 3816 coleret,
1723 3731 1847 3815 pariter
1859 3737 1957 3817 utque
1969 3728 2117 3815 reliquae
2138 3734 2247 3795 terrac

481 3848 537 3924 uic
556 3848 835 3914 commemoratae.
897 3839 1024 3936 Saltem
1044 3843 1176 3912 Lassen
1197 3861 1368 3933 perperam
1389 3843 1441 3912 his
1461 3844 1567 3916 literis
1588 3845 1762 3914 extricuuit
1786 3865 1901 3916 nomeu
1922 3845 2077 3914 Ariciae.
2140 3844 2248 3914 Deest

480 3965 567 4034 enim
588 3963 599 4028 l
620 3968 719 4049 atque
739 3959 863 4028 Arbela
885 3959 1041 4048 pertinuit
1061 3958 1105 4029 ad
1126 3962 1311 4050 Assyriam,
1331 3979 1426 4049 qnam
1447 3961 1616 4049 inscriptio
1637 3969 1751 4032 nostra
1772 3965 1884 4033 statim
1904 3969 1982 4052 post
2000 3968 2165 4032 memorat.
2184 3935 2248 4058 'Si

481 4104 625 4168 nostrum
646 4097 844 4164 sententiam
866 4092 976 4163 rlioere
996 4095 1086 4184 licet,
1100 4095 1217 4190 literae
1240 4071 1313 4224 &i
1341 4097 1536 4167 Aramaeam
1564 4097 1760 4184 significant.
1822 4096 2039 4168 Desideratnr
2062 4095 2146 4168 enim
2166 4095 2252 4166 llaec

445 4235 451 4246 '
480 4239 570 4302 terra
597 4239 695 4320 atquc
723 4230 893 4320 facillime,
919 4251 978 4319 pro
1006 4229 1213 4299 dialectomm
1239 4234 1420 4321 varietate,
1445 4251 1478 4298 ru
1504 4233 1539 4300 in
1567 4231 1732 4302 Aramuea
1758 4229 2004 4320 tprnnnnrinri
2029 4231 2142 4320 potuit,
2162 4230 2249 4318 quud

482 4347 634 4436 exemplo
655 4349 914 4436 comprobabitur
934 4347 1027 4416 inira.

638 4500 709 4599 rt]
735 4495 795 4600 tp.
821 4501 887 4600 iti.
912 4503 980 4601 tir·
1014 4495 1090 4599 ξῖ.
1115 4496 1165 4598 ur
1190 4531 1244 4566 --
1267 4519 1337 4615 pru
1362 4531 1414 4568 =
1439 4493 1517 4632 „jot
1544 4513 1698 4602 Assyria
1739 4515 1911 4586 numme
1931 4515 2017 4586 enm
2037 4515 2062 4584 u
2081 4523 2117 4586 er
2137 4535 2155 4584 ι
2175 4518 2250 4588 uu-

481 4647 602 4718 lectice
622 4645 710 4714 inter
731 4667 770 4714 se
792 4653 1024 4734 permutantur.
1067 4647 1189 4736 vtique
1209 4655 1344 4719 veteres
1365 4667 1424 4738 pro
1451 4648 1594 4737 Assyria
1613 4649 1715 4717 etium
1740 4647 1895 4740 Ἀτουρια
1922 4651 2137 4740 scripserunt.
2178 4651 2249 4721 Cei

483 4773 588 4834 terum
609 4764 671 4831 hoc
692 4763 732 4830 ob
754 4783 870 4832 nomen
892 4766 1022 4832 hussen
1049 4763 1167 4834 literae
1188 4751 1262 4851 id,
1284 4785 1381 4861 qnam
1417 4763 1566 4834 Buruoul
1588 4767 1682 4853 peius
1714 4787 1738 4855 y
1758 4769 1966 4856 pronunciari
1993 4767 2108 4856 iussit,
2135 4789 2248 4838 sonam

484 4883 503 4964 ζ
523 4881 677 4950 tribuisse
699 4879 839 4948 videtur.
1201 4873 1214 4886 ‘

641 5027 714 5122 13)
742 5031 827 5099 Post
854 5032 1014 5119 Assyrios
1041 5033 1209 5122 inscriptio
1238 5041 1351 5106 nostru
1387 5041 1544 5104 memorat
1569 5033 1718 5123 pupulum
1748 5017 1861 5120 Ε<··.
1894 5024 1965 5122 (ᾖ.
1997 5025 2043 5121 ᾖ.
2079 5019 2153 5125 Ei·
2188 5020 2248 5122 ἰῇ.
