4796 6106
895 621 1142 698 ..so-

115 821 266 892 Veteres
288 840 411 914 omues,
432 841 528 910 quum
547 822 656 891 literis
676 822 720 889 ad
740 839 842 891 sonos
874 821 1059 906 singulares
1086 821 1318 910 exprimendos
1345 827 1517 914 carerent,
1543 843 1604 893 eas
1632 827 1762 915 proprio
1783 827 1891 897 llarte

111 938 183 1005 sibi
206 940 381 1026 fluxerunt,
402 940 586 1027 plerumque
609 956 629 1006 e
649 938 754 1005 literis
774 940 838 1005 iam
860 939 1003 1006 vsitatis.

273 1050 324 1142 ἣ
344 1056 475 1122 ΝυΙΙιιιιι
497 1064 551 1123 est
571 1055 789 1143 alphabetum,
810 1056 895 1151 quod
915 1057 1038 1124 rectius
1059 1075 1131 1124 cum
1151 1056 1263 1124 ludico
1278 1056 1457 1144 comparari
1479 1057 1595 1146 possit,
1608 1076 1703 1145 quam
1723 1057 1890 1128 Persicum

109 1173 296 1260 antiquum.
337 1169 471 1240 Etenim
491 1171 585 1241 ludia
607 1179 643 1240 et
663 1171 782 1240 Persia
803 1180 879 1240 sunt
900 1179 1011 1240 terrae
1032 1174 1267 1261 vicinissimae,
1287 1191 1418 1259 quarum
1440 1173 1580 1260 linguae,
1602 1180 1641 1240 vt
1661 1174 1891 1262 inscriptiones

109 1290 345 1357 cuneoiormes
376 1297 475 1376 atque
496 1289 569 1356 libri
598 1287 739 1356 zendici
767 1289 1013 1376 demonstrant,
1043 1290 1221 1376 antiquitus
1248 1289 1310 1356 sibi
1337 1288 1516 1356 simillimae
1546 1289 1684 1356 inerunt.
1750 1291 1891 1360 Accedit

109 1403 205 1490 qnod
227 1424 271 1471 ex
293 1402 468 1470 traditione
488 1403 644 1472 ludorum
665 1405 791 1492 pariter
813 1411 912 1492 atque
932 1404 1109 1472 Persarum
1130 1411 1269 1491 viraque
1290 1423 1375 1489 gens
1394 1404 1630 1491 antiquissimis
1651 1405 1782 1492 quidem
1802 1417 1889 1476 tem·

108 1521 255 1606 poribus
276 1540 296 1588 c
317 1521 451 1605 regione
473 1520 722 1607 septentrionali
742 1521 776 1586 in
796 1520 922 1587 ludiam
943 1521 1158 1606 Persiamque
1178 1521 1339 1606 migrauit.
1401 1519 1493 1607 llrgo
1515 1521 1722 1607 alphabetum
1743 1521 1889 1591 iudicum

108 1641 149 1702 ct
170 1633 343 1703 Persicum
365 1637 510 1704 eiusdem
533 1638 670 1724 originis
691 1656 769 1706 csse
790 1642 975 1726 potnerunt,
995 1654 1038 1704 nc
1058 1636 1164 1704 dicam
1185 1636 1374 1704 debuerunt.

269 1749 319 1845 a)
341 1749 495 1820 Cernitur
515 1761 624 1822 autem
645 1755 816 1841 vtriusque
836 1753 1001 1840 alphabeti
1022 1755 1165 1822 adinitas
1187 1753 1389 1840 potissimum
1409 1753 1444 1819 iu
1464 1753 1527 1820 his.

268 1864 314 1960 a)
334 1869 552 1956 Alphabetum
574 1869 808 1939 Sanscriticum
830 1871 953 1958 pariter
974 1877 1074 1958 utque
1094 1869 1262 1937 Persicum
1283 1876 1416 1937 constat
1436 1869 1554 1958 duplici
1568 1871 1734 1940 literarum
1752 1890 1886 1959 genere,

105 1985 234 2072 quippe
254 1985 405 2069 genuinis
425 1992 524 2072 atque
546 1987 734 2055 diacriticis.
777 1986 990 2054 Diacriticae.
1005 1987 1174 2074 utriusque
1203 1987 1312 2074 populi
1339 1988 1455 2055 literae
1475 1993 1553 2056 sunt
1571 1988 1734 2075 genuinae
1755 1989 1887 2057 circello

107 2105 170 2168 aut
194 2100 314 2168 lineola
338 2102 522 2170 udinnctiua
543 2101 727 2172 distinctae.
798 2102 897 2191 Apud
923 2101 1025 2170 ludos
1053 2101 1182 2191 quidem
1214 2103 1416 2189 grammatici
1440 2109 1578 2172 veteres
1607 2105 1699 2172 iuxta
1726 2107 1887 2192 genuinas

107 2224 294 2303 posuerunt
314 2218 501 2285 diacriticas
522 2220 646 2309 literas,
668 2240 750 2310 quae
771 2221 871 2307 vulgo
891 2219 1082 2307 adspiratus
1103 2225 1268 2287 uocantur.

268 2329 312 2425 b)
333 2335 468 2402 Literna
489 2335 665 2404 Parsorum
686 2339 859 2423 genuinae,
880 2337 993 2402 missis
1014 2335 1228 2425 variantibus,
1250 2340 1327 2402 sunt
1348 2334 1401 2402 25
1425 2355 1557 2405 numero
1570 2340 1806 2426 pariteratque
1827 2339 1885 2407 lu-

108 2449 237 2516 dorum.
279 2451 390 2540 Atque
413 2451 564 2541 vidimus,
585 2451 791 2540 alphabetum
814 2451 1053 2539 Aegyptiacum
1074 2451 1329 2539 antiquissimum
1351 2471 1372 2519 a
1400 2452 1512 2520 'l'hoth
1532 2455 1605 2520 siue
1627 2455 1754 2521 'l'aauto
1776 2460 1887 2523 aetate

109 2565 227 2633 diluuii
248 2565 412 2635 inuentum
433 2569 512 2637 item
534 2567 587 2635 25
609 2569 714 2637 literis
735 2569 938 2637 constitisse.
1005 2560 1119 2643 (tuidi
1153 2566 1237 2654 quod
1258 2569 1465 2656 alphabetum
1485 2557 1660 2638 Persarum
1682 2571 1887 2640 cuneolormc

109 2701 244 2770 quoquc
265 2681 318 2749 Pb
341 2685 456 2753 literas
478 2687 635 2774 continet,
656 2687 687 2752 ai
708 2686 842 2754 uocales
864 2685 947 2754 duae
969 2687 1077 2753 serius
1103 2679 1278 2771 neglectae
1304 2683 1478 2754 addantur.
1542 2685 1814 2771 Quemadmodum
1834 2688 1887 2756 al-

108 2799 285 2882 phabetum
307 2799 479 2883 genuinum
500 2808 663 2869 auxerunt
683 2802 781 2868 Parsi
805 2800 856 2867 la
879 2804 996 2892 literis,
1016 2805 1065 2870 ita
1084 2800 1157 2869 Indi
1179 2799 1232 2868 Pb
1254 2801 1310 2869 vel
1332 2799 1396 2868 24.

267 2908 310 3004 c)
331 2911 553 2999 Alphabetum
574 2914 743 2982 Persicum
763 2919 909 2985 continet
929 2925 1059 3005 septem
1080 2918 1226 3007 vocales,
1247 2919 1365 3004 quippe
1386 2919 1545 3006 vulgares
1566 2921 1706 3009 quinque
1718 2939 1790 2988 cnm
1802 2918 1887 2989 dua-

110 3030 176 3096 bus
199 3029 367 3118 obsoletis.
433 3030 584 3098 Totidem
613 3030 795 3099 hubuerunt
820 3032 911 3112 ludi,
933 3033 1111 3120 dequibus
1137 3067 1151 3096 e
1178 3039 1214 3100 et
1235 3053 1259 3086 o
1280 3034 1484 3119 respondent
1503 3035 1663 3104 Zendicis
1691 3049 1743 3121 s,
1773 3044 1808 3104 et
1835 3051 1886 3106 ro·

110 3144 268 3234 Accedit,
291 3147 376 3234 quod
398 3149 557 3234 Aegyptii
578 3165 705 3236 quoque
726 3155 854 3236 septem
875 3149 1010 3216 vocales
1031 3150 1065 3216 in
1087 3169 1151 3217 vsu
1171 3148 1363 3235 habuerunt,
1383 3149 1531 3236 quodque
1553 3148 1663 3218 Cufica
1675 3157 1712 3217 et
1731 3151 1886 3238 Neoper-

110 3262 188 3330 sica
216 3264 378 3350 scriptura
403 3263 527 3349 gaudet
556 3263 725 3332 vocalibus
752 3263 804 3332 his
835 3265 1052 3350 singularibus
1079 3293 1115 3351 3
1148 3271 1184 3332 et
1223 3299 1290 3348 Η
1312 3281 1414 3349 quac,
1435 3266 1582 3350 quamuis
1602 3284 1661 3353 pro
1682 3267 1886 3334 variantibus

113 3379 243 3447 vocalis
273 3405 308 3468 t5
332 3380 528 3470 habeantur,
555 3380 642 3450 nullo
664 3389 760 3468 pacto
788 3381 1059 3471 palaeographice
1085 3381 1227 3448 deriuari
1257 3387 1379 3466 queunt
1405 3381 1447 3448 ab
1479 3406 1509 3464 ,ς
1532 3398 1585 3432 ==
1609 3405 1657 3470 ⁴5·

266 3469 311 3588 d)
332 3496 467 3565 Literae
489 3497 735 3586 subscritione,
765 3516 850 3584 quae
878 3497 994 3566 eodem
1015 3496 1109 3563 modo
1131 3497 1187 3563 vel
1215 3497 1376 3563 simillimo
1396 3472 1649 3582 pronunciasti}
1669 3503 1771 3586 atque
1791 3499 1885 3567 Zeu-

115 3611 211 3678 dicae
233 3617 270 3680 ct
289 3613 479 3700 Pebluicae,
500 3613 634 3681 easdem
655 3613 777 3700 figuras
799 3615 929 3682 babent.
973 3610 1112 3678 Scilicet
1133 3610 1248 3676 literae
1270 3609 1507 3699 Subscriticae,
1521 3630 1616 3698 quum
1629 3613 1704 3679 lndi
1724 3614 1887 3682 contrarie

113 3729 310 3816 scripserint
329 3729 456 3815 Persis,
477 3729 595 3796 incerti
618 3729 750 3817 debent,
771 3751 834 3818 quo
856 3732 1082 3815 comparentur
1103 3747 1174 3794 cum
1196 3725 1352 3792 Paraicis.
1396 3726 1480 3792 Item
1502 3727 1650 3812 singulae
1670 3728 1823 3796 ludorum
1842 3730 1887 3798 li·

117 3853 213 3912 terae
235 3847 356 3930 prinari
378 3846 500 3914 debent
520 3846 651 3916 lineolis
673 3845 928 3914 horizontalibus
950 3850 986 3911 ct
1005 3843 1228 3932 verticalibus,
1249 3861 1331 3930 quas
1352 3841 1427 3909 Indi
1457 3843 1648 3912 adiecerunt
1674 3845 1716 3913 ad
1738 3846 1887 3914 vocalem

112 3981 136 4028 n
158 3961 369 4028 inserendam
385 3968 483 4046 atque
495 3961 538 4026 ad
553 3963 669 4028 literas
690 3981 756 4028 vno
777 3961 811 4026 in
833 3962 920 4028 linea
935 3959 1194 4046 suspendendas.
1217 3959 1288 4024 lam
1303 3959 1499 4026 lineamenta
1515 3959 1680 4030 literarum
1699 3960 1884 4028 Ssuscriti·

114 4097 237 4164 curnm,
260 4076 401 4162 demptis
423 4076 551 4142 lineolis
571 4075 782 4142 verticalibus
804 4083 839 4143 et
859 4075 1127 4162 horizontalibus,
1147 4093 1218 4140 cum
1232 4073 1338 4138 literis
1350 4074 1509 4142 Zendicis
1529 4082 1564 4143 ct
1585 4074 1751 4142 Pebluicis
1772 4083 1885 4144 ιιιιιι-

113 4194 225 4260 versis
246 4192 329 4260 adeo
352 4197 541 4278 congruunt,
564 4198 603 4258 vt
621 4191 654 4257 in
676 4191 789 4258 oculos
810 4193 922 4259 statim
943 4192 1097 4277 incurrat,
1119 4188 1325 4276 alphabetum
1356 4187 1590 4257 Sauscriticum
1611 4209 1675 4258 nou
1697 4209 1775 4258 esse
1797 4191 1884 4260 alind

113 4327 207 4394 quam
228 4307 410 4376 Persicum.
454 4305 537 4388 Quis
559 4326 681 4394 quaeso
703 4326 843 4395 vnquam
865 4325 946 4376 sane
967 4306 1100 4393 negabit
1120 4324 1149 4373 e.
1170 4327 1201 4391 g.
1225 4320 1239 4361 a
1268 4312 1303 4372 et
1323 4321 1364 4394 t,
1389 4271 1416 4376 h
1443 4312 1478 4374 et
1498 4309 1556 4396 da,
1578 4325 1597 4382 o
1619 4307 1701 4394 etii,
1724 4328 1809 4395 quas
1822 4328 1884 4379 eo-

114 4423 188 4490 dem
211 4424 305 4492 modo
327 4425 382 4492 vel
404 4423 564 4490 simillimo
587 4426 801 4508 pronunciare
828 4424 942 4491 iubent
968 4423 1186 4510 grammatici,
1213 4439 1292 4489 esse
1321 4421 1434 4490 literas
1461 4416 1622 4492 easoemt
1663 4423 1711 4491 lla
1731 4425 1782 4494 sic
1804 4445 1883 4514 per-

115 4539 224 4606 multis
244 4541 276 4606 in
298 4541 385 4608 aliis.
429 4539 516 4608 Sunt
538 4559 621 4608 sane
642 4542 758 4610 literae
779 4541 923 4622 indicae,
945 4559 1027 4629 quae
1049 4540 1179 4626 longius
1200 4536 1356 4606 recedant
1377 4557 1399 4604 a
1419 4539 1584 4606 literarum
1612 4541 1820 4610 Persicorum
1840 4543 1883 4612 li-

115 4658 319 4742 ueumcntisq
347 4664 383 4726 at
404 4658 629 4744 paucissimae.
674 4657 720 4724 Et
742 4659 815 4744 quis
836 4659 953 4745 nescit,
975 4664 1177 4744 quantopere
1198 4653 1284 4741 apud
1305 4661 1442 4722 veteres
1462 4654 1581 4724 literae
1601 4659 1726 4726 seuam
1737 4660 1883 4728 sensim-

117 4789 179 4856 que
201 4777 346 4842 mutatae
367 4775 487 4842 luerim
507 4781 585 4842 ante
607 4781 709 4842 artem
732 4774 998 4861 typographicam
1019 4774 1192 4840 inuentam.
1216 4769 1316 4840 Certe
1334 4792 1376 4840 ex
1399 4791 1451 4860 eo,
1472 4774 1558 4861 quod
1573 4775 1692 4844 literae
1711 4775 1884 4844 nonnullae

115 4886 340 4955 Senseriticae
361 4909 473 4977 parum
494 4890 654 4978 quadrant
674 4891 834 4978 Parsicis,
855 4909 949 4958 nemo
971 4890 1065 4958 facile
1092 4891 1288 4979 probauerit,
1309 4890 1452 4957 iudicum
1474 4891 1680 4978 alphabetum
1700 4891 1797 4979 plane
1818 4888 1884 4956 dii·

116 5001 200 5070 icrre
231 5003 419 5073 aZendico
442 5017 476 5075 et
498 5007 662 5075 Pebluico.
706 5007 838 5076 Dixerit
858 5006 986 5097 aliquis,
1007 5007 1123 5076 literas
1144 5006 1367 5076 Sauscriticas
1385 4998 1732 5156 Parsicisigissimiles
1753 5003 1883 5076 abunde
