4796 6106
1195 771 1233 851 8·
1253 765 1292 840 4.
1346 763 1551 842 Concdrch.

642 931 698 1000 Ad
725 933 853 1019 linguas
879 949 990 1021 parum
1015 927 1123 998 adhuc
1150 932 1300 1017 cognitas
1326 931 1491 1019 pertinent
1517 927 1668 996 zendico
1694 933 1729 996 et
1760 926 1930 1011 Pehlnica,
1958 923 2256 1015 quareeticmnurn

491 1067 641 1118 caremus
662 1048 881 1118 Grammatico
901 1057 936 1116 et
957 1047 1081 1114 herrico
1102 1046 1145 1115 ad
1165 1048 1266 1114 libros
1287 1049 1464 1116 Persarum
1485 1065 1612 1114 sacros.
1636 1047 1779 1112 Constat
1798 1050 1909 1114 antem
1928 1047 2080 1130 linguam,
2102 1061 2165 1128 qua
2184 1043 2256 1110 libri

489 1165 631 1234 Zendici
651 1172 686 1232 et
705 1165 855 1233 Pehluici
876 1169 952 1232 sunt
972 1164 1160 1252 conscripti,
1180 1166 1365 1233 arctissime
1387 1165 1565 1233 cohaerere
1586 1181 1658 1228 cum
1679 1161 1804 1230 indica.
1863 1161 1951 1228 ilinc
1972 1178 2036 1226 non
2058 1159 2168 1246 exigui
2190 1179 2256 1227 mo·

489 1283 593 1350 menti
613 1283 687 1372 crit,
708 1281 795 1370 qnod
815 1300 902 1350 nunc
922 1281 1081 1370 valemus,
1101 1279 1239 1367 quodnis
1261 1281 1452 1348 vocabulum
1473 1279 1710 1350 Snnscriticum
1737 1277 1923 1365 exprimere
1948 1277 2055 1344 literis
2075 1275 2258 1366 Hebraicis,

489 1397 647 1486 Persicis,
668 1398 822 1466 Arabicis
842 1399 897 1489 iis,
917 1417 1002 1484 qnae
1020 1398 1199 1484 antiquitus
1219 1417 1279 1484 pro
1305 1397 1479 1486 alphabeto
1509 1397 1650 1484 genuino
1671 1403 1787 1464 essent
1808 1394 1956 1464 eosdem.
2018 1393 2168 1461 Facilius
2189 1394 2258 1480 erit,

489 1514 640 1582 inuenire
660 1514 792 1584 radices
811 1515 943 1601 linguae
964 1515 1123 1583 Parsicac
1144 1515 1231 1582 inter
1251 1513 1487 1603 Sanscritices,
1508 1532 1672 1602 versaque
1693 1513 1779 1581 vice.
1830 1509 1901 1594 Quo
1923 1512 2009 1578 lacto
2029 1511 2155 1577 rectius
2176 1509 2256 1578 iudi·

490 1647 569 1698 care
601 1629 713 1698 licebit
748 1632 791 1700 de
819 1633 1048 1702 vocabulorum
1075 1633 1311 1700 innumerorum
1343 1631 1528 1718 significato
1556 1649 1657 1718 vero,
1685 1629 1885 1716 totidemque
1920 1633 2104 1696 commento
2134 1627 2256 1695 delere.

489 1740 602 1832 Quot
624 1748 710 1836 quod
729 1749 860 1838 integra
880 1749 1006 1837 scripto
1025 1747 1232 1818 Sanscritics
1253 1749 1343 1836 typis
1362 1749 1426 1814 iam
1447 1747 1591 1814 exscribi
1601 1753 1740 1835 possunt
1753 1747 1901 1814 omnibus
1916 1745 2057 1832 cognitis
2076 1745 2133 1826 ita,
2147 1753 2185 1814 vt
2197 1761 2258 1812 sna

490 1871 610 1955 sponte
631 1871 802 1955 appareat,
823 1865 939 1953 quibus
959 1863 1065 1936 literis
1085 1866 1217 1953 proprie
1237 1865 1311 1932 lndi
1330 1865 1491 1934 vocabula
1512 1864 1749 1952 expresserint.
1792 1861 1848 1932 lin
1874 1856 2059 1951 specimen!

490 2063 520 2172 t,
547 2058 580 2138 o
608 2041 706 2176 thir
732 2042 771 2138 t}
795 2042 880 2158 ts}
907 2063 969 2204 tp,
999 2063 1073 2177 tm»
1097 2043 1421 2204 =„‘t·§,r,>,‘,;
1440 2041 1569 2192 erint
1588 2040 1828 2203 ,spitui
1846 2040 2005 2188 ‘stiffi
2024 2057 2100 2164 tm
2119 2081 2165 2174 ⁸9
2185 2091 2259 2171 ω
2383 2107 2384 2140 r

489 2221 525 2280 co
541 2221 579 2280 ro
606 2222 705 2308 appu
729 2204 980 2308 perimenti
1006 2219 1080 2311 opp
1107 2204 1328 2308 :npsppnpo
1358 2221 1431 2296 nnn
1448 2221 1567 2318 tangor
1595 2208 1836 2316 oppdmp'spn
1866 2206 1921 2319 ,ῆς
1941 2217 2014 2298 not.
2038 2207 2098 2289 sti
2122 2218 2172 2304 op
2219 2215 2256 2287 tp

1681 2361 1756 2492 eis
1784 2381 1864 2494 ltw
1890 2359 2055 2492 umis
2078 2375 2131 2492 n,
2158 2355 2258 2486 dtr

1575 2529 1641 2594 cet
1666 2526 1759 2636 prim
1787 2533 1861 2617 hnc
1906 2536 2055 2614 spinos
2080 2537 2130 2614 rso
2181 2529 2261 2618 meg

639 2681 743 2752 Forte
763 2701 827 2751 non
849 2681 981 2773 accidit,
1001 2689 1040 2751 vt
1059 2681 1096 2750 in
1115 2687 1230 2750 nostra
1249 2679 1416 2768 alphabeti
1437 2679 1540 2748 lndici
1561 2701 1633 2752 cum
1653 2684 1731 2750 aliis
1751 2685 1991 2772 comparatione
2004 2685 2126 2772 vbiqne
2147 2697 2256 2750 verum

489 2804 676 2887 rccbrmque
705 2798 902 2890 viderimus,
930 2799 965 2868 id
992 2805 1102 2869 autem
1128 2799 1281 2868 effecisse
1308 2816 1497 2887 speramns,
1523 2805 1562 2867 vt
1588 2799 1646 2866 alii
1667 2800 1779 2868 harum
1806 2801 1974 2870 literarum
1991 2802 2168 2889 peritiores
2190 2797 2256 2885 vie,

488 2933 574 3004 quae
594 2915 715 3002 operiri
737 2920 856 3003 coepta
872 2922 939 3002 est,
960 2917 1087 2985 felicius
1111 2914 1266 3004 progredi
1286 2915 1430 2983 valeant.
1454 2915 1584 2984 Saltem
1597 2917 1726 3003 longius
1740 2917 1881 2985 dubitari
1891 2937 1956 2987 non
1967 2917 2088 3000 licebit,
2110 2916 2190 3004 quin
2209 2914 2260 2982 al-

487 3031 662 3119 phabetum
695 3031 933 3103 smmitioum
957 3049 1025 3104 non
1051 3033 1098 3102 sit
1124 3033 1313 3121 genuinum,
1345 3030 1408 3100 sed
1434 3033 1570 3122 reliquis
1596 3041 1786 3122 cognatum,
1819 3036 2012 3125 praesertim
2044 3031 2193 3102 leudico
2221 3035 2258 3100 et
2383 3041 2384 3072 ¹

488 3147 653 3218 Pchluico

638 3297 743 3368 Porro
772 3297 930 3389 philologi
957 3318 979 3369 a
1004 3297 1105 3370 multo
1133 3295 1210 3368 inde
1236 3305 1383 3386 tempora
1404 3300 1598 3368 studuerunt
1624 3301 1786 3369 illustrare
1804 3303 1947 3390 lingnam
1969 3297 2141 3388 Graecam,
2163 3297 2257 3366 tnti-

487 3433 573 3496 nm,
592 3416 804 3484 vernaculam
824 3415 973 3504 aliasque
994 3435 1046 3506 eo,
1066 3415 1152 3504 quod
1172 3416 1438 3510 demonstrarent
1460 3417 1597 3498 nomina,
1617 3419 1796 3505 particulas
1818 3419 1986 3507 orationis,
2007 3418 2127 3485 formes
2146 3435 2257 3503 gram·

487 3531 657 3598 maticales
677 3530 820 3598 deriuari
841 3533 883 3598 ab
904 3530 1038 3598 Indicis.
1080 3527 1177 3617 Etsi,
1198 3531 1276 3615 quid
1297 3529 1373 3597 inde
1394 3535 1527 3600 euenire
1548 3533 1686 3623 debeat,
1706 3541 1848 3618 constet,
1871 3536 2017 3602 nimirum
2025 3581 2039 3618 ,
2060 3553 2176 3602 omnes
2194 3532 2258 3601 lin·

486 3665 570 3736 guas
591 3646 707 3715 codem
727 3665 772 3714 ex
793 3645 883 3713 l'onte
904 3645 1116 3736 prouenisse,
1143 3645 1276 3710 multum
1302 3650 1413 3712 tarnen
1440 3647 1583 3716 interest
1608 3657 1707 3736 atque
1734 3651 1887 3718 intererit
1914 3653 2021 3738 scire,
2041 3671 2107 3738 qua
2133 3651 2261 3720 ratione

486 3765 600 3833 variae
621 3763 781 3849 deinceps
800 3761 932 3848 linguae
953 3766 989 3829 et
1008 3758 1143 3828 dialecti
1162 3761 1240 3827 eriri
1260 3763 1436 3848 potuerint,
1457 3783 1540 3849 quas
1560 3763 1657 3850 leges
1677 3767 1807 3832 omnino
1837 3772 1955 3835 natura
1976 3765 2120 3834 humans
2139 3787 2263 3856 sequo-

487 3887 540 3948 tur
559 3881 593 3948 in
613 3879 790 3948 formandis
811 3882 847 3946 ct
867 3875 1140 3946 transformandis
1168 3895 1274 3945 rernm
1299 3877 1497 3970 nominibus,
1525 3882 1638 3949 verbis
1665 3888 1700 3949 ct
1727 3881 1849 3950 formis.
1894 3882 1968 3968 Qus
1987 3883 2023 3950 in
2044 3902 2082 3951 rc
2103 3903 2190 3971 opus
2211 3889 2264 3952 est
2385 3901 2386 3918 ¹

487 3998 592 4084 scire,
618 3995 775 4085 quomodo
805 3993 955 4080 singulas
975 3993 1092 4064 literae
1113 3996 1204 4063 initio
1226 3996 1375 4065 scriusue
1395 3999 1628 4084 pronuntiatae
1657 3998 1797 4088 inerint,
1826 4001 2010 4088 quibos'cx
2029 4000 2157 4086 legibus
2180 4001 2266 4069 certi

485 4113 652 4181 literarum
672 4113 746 4180 soni
766 4111 886 4180 abeam
906 4112 941 4180 in
961 4111 1046 4180 elios
1067 4131 1153 4180 nunc
1174 4133 1279 4181 nouos
1301 4132 1387 4182 nnnc
1407 4115 1481 4183 eliis
1502 4116 1609 4185 literis
1623 4115 1784 4204 proprios.
1806 4118 2007 4186 Facillimum
2026 4121 2080 4184 cst
2100 4116 2267 4183 vocabola

487 4225 636 4297 deriuare
657 4231 698 4298 ab
719 4229 844 4298 indicis
866 4227 962 4298 falsis
982 4229 1108 4316 absque
1127 4229 1258 4296 interna
1278 4231 1446 4302 literarum
1467 4233 1743 4302 Sanscriticarnm
1765 4235 1974 4322 cognitione-l

635 4376 788 4463 inprimis
809 4377 912 4448 innui
933 4377 1064 4447 videtur
1083 4379 1312 4466 interpretatio
1333 4380 1580 4469 inscriptionum
1601 4383 1851 4452 concoiormiunn
1879 4405 1937 4471 eo,
1963 4378 2047 4469 qnod
2075 4377 2142 4444 ian
2162 4381 2264 4452 valc-

485 4511 558 4560 mus
584 4491 732 4578 singulas
759 4495 875 4566 literas
896 4492 1120 4562 concolormcs
1149 4495 1333 4581 exprimere
1354 4496 1568 4567 Senseriticis
1589 4517 1707 4588 nempe
1728 4501 1872 4588 ipsarum
1892 4495 2052 4586 cognatis.
2099 4494 2265 4570 Nonims

487 4610 573 4678 enim
595 4607 736 4694 linguam
755 4609 1021 4696 inscriptionibus
1041 4611 1297 4681 cuneoiormibus
1318 4617 1498 4684 subiectam
1517 4635 1584 4686 non
1604 4635 1685 4684 csse
1705 4616 1940 4702 Neopersicam
1960 4631 2067 4702 nequa
2087 4614 2264 4688 Zendicac

485 4732 522 4796 et
541 4724 719 4794 Pehluicae
741 4725 822 4791 solis
849 4725 1067 4796 tantummodo
1095 4729 1244 4819 adonem,
1271 4732 1333 4799 sed
1359 4733 1531 4800 maximam
1556 4741 1683 4821 partem
1703 4732 1846 4802 lodicum
1868 4736 2028 4799 veterem.
2091 4729 2198 4815 Quum
2220 4735 2262 4803 ob

485 4860 628 4932 censam,
662 4840 780 4909 literas
807 4841 1034 4910 concolormes
1061 4846 1253 4930 expressuri
1287 4845 1500 4916 Senseriticis
1534 4821 1806 4937 respondentibus
1845 4847 1929 4934 ipsis
1948 4849 2020 4938 {pro
2051 4847 2260 4937 alphabetico

486 4960 611 5047 ordine,
632 4957 760 5027 facilins
782 4959 947 5048 tutiusque
969 4959 1195 5029 concolormes
1214 4964 1361 5058 reperire
1382 4969 1536 5066 poterunt
1556 4965 1643 5033 inter
1662 4962 1885 5038 Smscriticas
1897 4965 2023 5053 parter
2042 4971 2142 5055 atquc
2162 4966 2258 5036 zon-

2380 955 2383 1098 l
