4774 6104
880 589 1134 668 ...39-

118 791 215 877 gulae
236 790 462 883 pertinuerint,
483 789 602 864 ducent
621 789 800 860 astronomi
820 793 957 860 vetarer
977 791 1148 873 Firminus,
1161 789 1383 883 Ptolemaeus,
1396 791 1585 882 alligatore
1598 793 1752 882 antiquae
1766 795 1887 864 inscri-

117 909 250 996 ptiones
270 909 520 978 astronomicae.
563 907 623 978 Sic
644 913 780 978 veteres
801 926 832 977 e.
852 927 886 993 g.
908 907 1025 980 bouem
1045 908 1088 978 ad
1110 908 1248 990 Lunam,
1269 915 1367 998 caput
1387 911 1431 978 ad
1451 911 1582 992 Solem,
1611 910 1729 986 denras
1757 911 1887 980 brachi·

118 1045 239 1114 vmque
257 1027 302 1096 ad
322 1027 463 1096 hlnrtem
483 1026 672 1094 retulerrmt
737 1025 853 1114 ltaque
879 1025 910 1093 si
931 1028 1059 1094 reseras
1079 1027 1240 1114 imagines
1260 1027 1433 1116 alphabeto
1453 1028 1630 1096 Phoenicio
1652 1027 1774 1117 pariter
1788 1035 1888 1116 atquc

114 1143 286 1234 Aegyptio
308 1145 450 1213 numeris
470 1163 630 1231 expresso
650 1145 802 1230 proprias
822 1141 866 1211 ad
880 1145 1180 1234 praepositusanos
1195 1144 1364 1236 planetas3
1385 1145 1534 1213 inuenies
1549 1145 1669 1214 seriem
1685 1145 1888 1233 planetarum

119 1254 155 1336 2)
200 1263 224 1336 ll
274 1261 301 1342 2
337 1260 375 1336 Θ
411 1254 456 1335 ὦ
487 1268 527 1332 Ἀ
555 1255 581 1350 h
613 1267 780 1330 seruatam
802 1279 862 1348 per
882 1263 1002 1330 seriem
1034 1261 1201 1330 literarum
1220 1262 1404 1350 genuinam
1447 1261 1567 1350 Excipi
1596 1261 1716 1330 debent
1742 1268 1887 1330 tantum-

114 1378 214 1445 modo
234 1379 379 1460 vocales,
402 1397 486 1466 quae
506 1379 703 1467 singularem
723 1377 870 1446 ordinem
890 1383 1079 1467 sequuntur.
1127 1379 1197 1447 lam
1225 1399 1307 1448 vero
1327 1381 1426 1448 etiam
1447 1379 1577 1448 videbis
1604 1377 1749 1448 ordinem
1771 1380 1888 1466 plane·

115 1500 224 1562 tarum
245 1495 278 1562 in
297 1495 466 1564 literarum
487 1498 613 1586 ordine,
633 1516 728 1584 quum
750 1497 881 1583 proprie
902 1502 1021 1566 essent
1048 1493 1101 1561 dd
1129 1496 1266 1585 literae,
1291 1500 1408 1583 qnater
1428 1496 1498 1565 lere
1518 1497 1704 1582 repetitum.
1746 1493 1800 1563 Ex
1823 1514 1887 1582 quo

114 1611 163 1699 lit,
183 1618 224 1679 vt
245 1611 355 1700 plures
377 1614 494 1682 literae
515 1633 614 1683 vnum
634 1612 676 1680 ad
699 1613 864 1699 planetam
883 1612 1001 1682 reterri
1021 1611 1173 1682 debeant
1214 1613 1299 1680 lnde
1321 1614 1451 1701 quidem
1471 1615 1663 1704 explicatur,
1682 1613 1716 1680 in
1738 1630 1802 1699 qua
1816 1611 1887 1680 Se·

113 1727 227 1796 mitica
247 1729 419 1798 literatura
439 1732 480 1799 ab
503 1729 669 1816 Aegyptia
691 1728 823 1798 dillerre
843 1729 988 1816 videtur,
1009 1731 1204 1821 ambiguitas
1226 1729 1550 1821 hieroglyphioorum.
1579 1731 1738 1832 Nimirum
1757 1727 1800 1798 ad
1812 1728 1885 1817 pla·

114 1849 216 1916 netas
237 1847 384 1935 singulos
404 1848 631 1935 pertinuerunt
650 1847 765 1917 variae
785 1845 851 1916 hae
870 1845 1006 1916 literaer
1844 1859 1846 1864 ·

327 1971 531 2060 Praepositir
606 1975 640 2057 D
786 1977 812 2054 tt
961 1979 989 2061 2

327 2105 492 2172 vocales:
614 2123 638 2178 tr
785 2127 804 2174 e
954 2120 980 2182 n

329 2234 519 2308 consonae:
600 2277 651 2293 -
774 2276 825 2291 -
960 2258 983 2315 2

615 2523 637 2582 Β
787 2523 808 2580 lt

268 2631 594 2722 Hieroglyphioorum
612 2654 691 2704 vero
712 2634 908 2722 ambiguitas
929 2635 1080 2704 consistit
1100 2635 1134 2703 in
1155 2654 1208 2725 eo,
1230 2635 1316 2725 quod
1341 2637 1448 2724 imago
1476 2636 1628 2724 planetae
1654 2632 1781 2704 cuidam
1808 2651 1888 2722 pro-

114 2750 190 2838 pria
210 2768 311 2816 sonos
331 2771 444 2818 omnes
475 2751 580 2818 eidem
607 2752 763 2838 planetae
791 2753 940 2840 proprios
966 2753 1153 2842 exprimere
1179 2757 1295 2842 possit
1344 2756 1449 2845 ilinc,
1475 2755 1525 2824 vti
1547 2755 1700 2840 vidimus,
1722 2757 1821 2841 caput
1841 2729 1888 2820 ἢ

115 2885 185 2932 non
206 2863 310 2932 solum
329 2884 351 2929 r·
370 2884 484 2933 verum
504 2885 633 2953 quoque
654 2887 673 2933 e
696 2867 880 2962 significat3
900 2870 976 2938 hinc
996 2871 1047 2937 sol
1069 2871 1105 2943 0
1132 2874 1217 2941 alias
1239 2892 1281 2962 r,
1309 2875 1395 2944 alias
1423 2891 1462 2962 c,
1490 2874 1575 2942 alias
1596 2872 1621 2961 l,
1643 2871 1727 2940 aliae
1747 2891 1790 2962 ης
1811 2869 1888 2938 hinc

114 3017 158 3068 os
180 3011 254 3067 0
276 3017 363 3067 nuuc
383 2999 408 3087 l,
429 3017 515 3067 nunc
539 3018 572 3087 r,
599 3017 686 3067 nunc
706 3018 747 3087 c,-
774 2999 850 3070 hinc
876 3018 1007 3088 pennae
1028 2959 1064 3083 n
1084 3005 1227 3092 modo‘r',
1247 3008 1344 3076 modo
1363 3008 1518 3078 avolent.
1562 3006 1618 3074 Ad
1631 3005 1781 3114 ducotmn
1802 3004 1888 3072 enim

116 3116 238 3186 hlartis
265 3117 409 3205 pertinet
435 3118 450 3183 r'
474 3115 600 3204 pariter
619 3121 719 3204 atque
744 3134 786 3204 r,-
806 3117 905 3184 sicuti
931 3138 952 3184 r·
978 3121 993 3186 l
1018 3137 1038 3187 c
1065 3122 1080 3186 i
1104 3121 1148 3188 ad
1168 3120 1282 3190 Solem
1309 3129 1461 3208 spectant
1481 3121 1623 3210 genuino
1644 3121 1680 3187 in
1701 3120 1887 3208 alphabeto

2 3295 3 3304 ,
117 3235 213 3318 Quae
233 3234 289 3302 lex
309 3234 574 3322 hieroglyphices
595 3235 824 3322 Aegyptiacae
851 3235 986 3324 egregie
1013 3237 1219 3306 confirmatur
1245 3237 1503 3327 hieroglyphieis
1528 3239 1624 3306 binas
1650 3238 1745 3305 simul
1772 3238 1887 3305 literas

116 3367 388 3454 significantibus
432 3365 492 3436 Sic
513 3367 747 3454 inscriptiones
767 3369 943 3454 dinume,
970 3369 1088 3438 eadem
1115 3372 1219 3440 verba
1246 3373 1473 3462 continentes,
1500 3392 1560 3462 pro
1586 3320 1667 3459 Ἷῖῆ
1704 3378 1765 3436 rac
1795 3367 1888 3457 ptiar

2 3547 3 3590 ,
116 3501 243 3572 hahent
269 3456 319 3589 (h
341 3502 455 3591 solum,
481 3520 547 3570 nou
577 3503 710 3590 quidem
729 3505 882 3592 quoniam
903 3521 1008 3589 caepa
1035 3522 1095 3590 per
1120 3521 1160 3570 ae
1188 3504 1287 3572 hlium
1312 3507 1368 3575 rel
1396 3507 1620 3594 compendium
1646 3503 1798 3576 vocabuli
1826 3509 1888 3568 tto

117 3636 368 3724 significauerit,
389 3635 451 3704 aed
478 3635 555 3722 quia
575 3631 623 3717 θ’,
645 3636 697 3704 oui
723 3637 820 3705 radix
847 3635 906 3704 illa
927 3588 977 3721 (h
1003 3635 1172 3720 conuenit,
1199 3641 1371 3725 vtramque
1396 3638 1523 3707 literam
1545 3646 1612 3708 tum
1631 3657 1651 3705 r
1671 3644 1738 3706 tum
1756 3656 1791 3704 or
1812 3643 1889 3706 tue-

114 3773 223 3838 batur.
273 3771 356 3839 ltem
384 3790 444 3859 pro
471 3721 549 3857 Ἷῖἦ
568 3724 674 3857 6ιῶ
701 3769 801 3861 alias,
828 3771 879 3838 vti
910 3767 1136 3859 Chamollion
1162 3771 1227 3839 iam
1254 3771 1338 3840 vidit
1346 3768 1402 3865 ⁶¹)
1406 3819 1419 3861 ,
1455 3779 1569 3842 exstat
1603 3779 1694 3858 q
1721 3793 1786 3842 non
1813 3771 1887 3859 qui-

115 3889 193 3955 dem
214 3889 364 3976 quoniam
396 3889 527 3978 phallus
554 3889 653 3957 lilium
674 3887 806 3970 innuat,
833 3887 896 3956 sed
922 3886 1042 3956 Martis
1068 3906 1188 3956 caussa
1214 3887 1325 3976 phallu
1356 3890 1480 3976 pariter
1507 3898 1606 3979 atquc
1627 3890 1733 3959 literis
1759 3909 1792 3956 rrr
1813 3895 1888 3958 eta

116 4025 310 4111 praepositi.
353 4024 455 4090 Porro
476 4024 577 4091 vlnae
605 4021 833 4110 Aegyptiacae
858 4019 977 4108 pedem
1005 4019 1188 4108 significant
1215 4021 1309 4107 riguo
1330 4000 1419 4110 Li.
1444 4034 1474 4084 e.
1495 4031 1581 4122 qa?
1600 4023 1707 4112 pedis,
1726 4043 1791 4091 non
1811 4024 1887 4110 qui-

116 4143 194 4210 dem
215 4142 365 4230 quoniam
385 4159 447 4228 pes
468 4139 627 4228 aquilinus
648 4139 758 4206 vlnam
779 4137 978 4208 dimidiatum
999 4145 1192 4207 constanter
1212 4139 1412 4225 aequauerit,
1434 4140 1494 4208 sod
1516 4141 1592 4229 quoia
1612 4139 1656 4209 ad
1675 4140 1786 4207 Iouem
1807 4161 1887 4228 per·
1947 4128 1950 4139 '

117 4259 214 4328 tinnit
240 4259 369 4347 aquilo,
395 4258 502 4326 literis
530 4264 540 4320 t
567 4254 601 4316 et
624 4262 650 4321 rt
675 4255 905 4343 praepositum.
955 4229 1170 4344 Securemf
1197 4253 1304 4323 Deum
1329 4233 1448 4344 ΝοΤΙ·
1468 4257 1759 4348 signiticare,inter
1773 4277 1887 4326 omnes

119 4381 261 4446 constat.
313 4375 453 4445 Scilicet
471 4347 519 4463 Γ,
539 4391 612 4442 cum
631 4375 667 4441 in
687 4373 903 4442 monumentis
924 4373 1150 4441 astronomicis
1179 4371 1345 4461 planetam
1367 4380 1408 4443 2t
1438 4373 1611 4466 significet,
1631 4375 1784 4464 exprimit
1810 4377 1887 4446 lite-

120 4515 180 4562 ras
201 4493 270 4562 loui
291 4510 408 4561 sacrm
428 4511 453 4559 rr
474 4498 509 4560 et
529 4489 574 4558 lla
617 4489 664 4559 Et
683 4491 735 4559 sic
755 4510 851 4578 porro
873 4490 1043 4560 sexcentis
1063 4490 1098 4559 in
1118 4489 1202 4557 aliis.

274 4610 491 4680 Concedimus
511 4607 641 4696 quidem
661 4607 724 4677 hac
744 4609 803 4676 tali
824 4607 1088 4696 hieroglyphicas
1108 4608 1337 4695 Aegyptiacae
1358 4607 1432 4696 lege
1452 4609 1587 4679 multum
1608 4611 1757 4700 impediri
1775 4613 1886 4681 hiero·-

122 4725 345 4815 glyphicorum
371 4725 694 4820 interpretationem
721 4745 879 4816 negamus
893 4743 974 4796 vero
992 4743 1064 4795 eam
1086 4725 1156 4826 tolli
1176 4725 1273 4814 plane
1295 4727 1547 4822 impedimentis,
1568 4749 1653 4818 quae
1672 4739 1808 4801 veteres
1822 4731 1885 4818 ipsi

121 4903 322 4922 aa*

273 5013 333 5092 aa)
354 5012 457 5080 meru
476 5017 603 5097 areop.
623 5019 697 5080 nau.
717 5017 802 5080 vnn
