<?xml version="1.0" encoding="UTF-8"?>
<!DOCTYPE html PUBLIC "-//W3C//DTD XHTML 1.0 Transitional//EN"
    "http://www.w3.org/TR/xhtml1/DTD/xhtml1-transitional.dtd">
<html xmlns="http://www.w3.org/1999/xhtml" xml:lang="en" lang="en">
 <head>
  <title>
</title>
<meta http-equiv="Content-Type" content="text/html;charset=utf-8" />
  <meta name='ocr-system' content='tesseract 3.04.00' />
  <meta name='ocr-capabilities' content='ocr_page ocr_carea ocr_par ocr_line ocrx_word'/>
</head>
<body>
  <div class='ocr_page' id='page_1' title='image "./beitraegezurken01staagoog_0099.png"; bbox 0 0 4774 6104; ppageno 0'>
   <div class='ocr_carea' id='block_1_1' title="bbox 923 555 1153 632">
    <p class='ocr_par' dir='ltr' id='par_1_1' title="bbox 923 555 1153 632">
     <span class='ocr_line' id='line_1_1' title="bbox 923 555 1153 632; baseline -0.009 -16"><span class='ocrx_word' id='word_1_1' title='bbox 923 555 1153 632; x_wconf 81' lang='grc'><strong>..3-</strong></span> 
     </span>
    </p>
   </div>
   <div class='ocr_carea' id='block_1_2' title="bbox 137 755 1921 4018">
    <p class='ocr_par' dir='ltr' id='par_1_2' title="bbox 142 755 1921 2025">
     <span class='ocr_line' id='line_1_2' title="bbox 151 755 1921 856; baseline 0.001 -26"><span class='ocrx_word' id='word_1_2' title='bbox 151 759 217 830; x_wconf 87' lang='lat' dir='ltr'><strong>ille.</strong></span> <span class='ocrx_word' id='word_1_3' title='bbox 239 757 334 829; x_wconf 88' lang='lat' dir='ltr'><strong>blulti</strong></span> <span class='ocrx_word' id='word_1_4' title='bbox 346 755 474 849; x_wconf 86' lang='lat' dir='ltr'><strong>quidem</strong></span> <span class='ocrx_word' id='word_1_5' title='bbox 489 756 693 849; x_wconf 76' lang='lat' dir='ltr'><strong>nostratium,</strong></span> <span class='ocrx_word' id='word_1_6' title='bbox 713 775 809 848; x_wconf 86' lang='lat' dir='ltr'><strong>quum</strong></span> <span class='ocrx_word' id='word_1_7' title='bbox 826 756 936 828; x_wconf 85' lang='lat' dir='ltr'><strong>Thotb</strong></span> <span class='ocrx_word' id='word_1_8' title='bbox 957 757 1086 826; x_wconf 89' lang='lat' dir='ltr'><strong>omnino</strong></span> <span class='ocrx_word' id='word_1_9' title='bbox 1107 764 1237 826; x_wconf 91' lang='lat' dir='ltr'><strong>sumant</strong></span> <span class='ocrx_word' id='word_1_10' title='bbox 1257 777 1317 846; x_wconf 90' lang='lat' dir='ltr'><strong>pru</strong></span> <span class='ocrx_word' id='word_1_11' title='bbox 1339 756 1414 848; x_wconf 91' lang='lat' dir='ltr'><strong>deo,</strong></span> <span class='ocrx_word' id='word_1_12' title='bbox 1435 764 1562 848; x_wconf 86' lang='lat' dir='ltr'><strong>putant,</strong></span> <span class='ocrx_word' id='word_1_13' title='bbox 1582 765 1719 829; x_wconf 88' lang='lat' dir='ltr'><strong>veteres</strong></span> <span class='ocrx_word' id='word_1_14' title='bbox 1732 762 1921 856; x_wconf 75' lang='lat' dir='ltr'>tradidisse,</span> 
     </span>
     <span class='ocr_line' id='line_1_3' title="bbox 150 876 1920 968; baseline 0 -18"><span class='ocrx_word' id='word_1_15' title='bbox 150 878 291 950; x_wconf 88' lang='lat' dir='ltr'><strong>diuinam</strong></span> <span class='ocrx_word' id='word_1_16' title='bbox 320 877 516 968; x_wconf 75' lang='lat' dir='ltr'><strong>sapientiam</strong></span> <span class='ocrx_word' id='word_1_17' title='bbox 549 876 721 966; x_wconf 86' lang='lat' dir='ltr'><strong>aliquando</strong></span> <span class='ocrx_word' id='word_1_18' title='bbox 741 877 922 946; x_wconf 87' lang='lat' dir='ltr'><strong>bominibus</strong></span> <span class='ocrx_word' id='word_1_19' title='bbox 942 877 1113 945; x_wconf 89' lang='lat' dir='ltr'><strong>inuenisse</strong></span> <span class='ocrx_word' id='word_1_20' title='bbox 1134 877 1260 945; x_wconf 82' lang='lat' dir='ltr'><strong>literas.</strong></span> <span class='ocrx_word' id='word_1_21' title='bbox 1304 876 1449 944; x_wconf 83' lang='lat' dir='ltr'><strong>Veteres</strong></span> <span class='ocrx_word' id='word_1_22' title='bbox 1470 883 1578 945; x_wconf 87' lang='lat' dir='ltr'><strong>antem</strong></span> <span class='ocrx_word' id='word_1_23' title='bbox 1599 885 1790 946; x_wconf 85' lang='lat' dir='ltr'><strong>constanter</strong></span> <span class='ocrx_word' id='word_1_24' title='bbox 1810 881 1920 952; x_wconf 84' lang='lat' dir='ltr'><strong>Tbutb</strong></span> 
     </span>
     <span class='ocr_line' id='line_1_4' title="bbox 149 993 1919 1088; baseline 0.001 -22"><span class='ocrx_word' id='word_1_25' title='bbox 149 1004 297 1066; x_wconf 85' lang='lat' dir='ltr'><strong>nostrum</strong></span> <span class='ocrx_word' id='word_1_26' title='bbox 318 1004 504 1066; x_wconf 86' lang='lat' dir='ltr'><strong>sumserunt</strong></span> <span class='ocrx_word' id='word_1_27' title='bbox 524 1015 584 1084; x_wconf 92' lang='lat' dir='ltr'><strong>pro</strong></span> <span class='ocrx_word' id='word_1_28' title='bbox 606 996 746 1088; x_wconf 90' lang='lat' dir='ltr'><strong>homine,</strong></span> <span class='ocrx_word' id='word_1_29' title='bbox 767 995 860 1064; x_wconf 89' lang='lat' dir='ltr'><strong>culus</strong></span> <span class='ocrx_word' id='word_1_30' title='bbox 880 1014 1021 1084; x_wconf 91' lang='lat' dir='ltr'><strong>proauos</strong></span> <span class='ocrx_word' id='word_1_31' title='bbox 1047 995 1095 1062; x_wconf 84' lang='lat' dir='ltr'><strong>lb</strong></span> <span class='ocrx_word' id='word_1_32' title='bbox 1109 995 1187 1063; x_wconf 91' lang='lat' dir='ltr'><strong>inde</strong></span> <span class='ocrx_word' id='word_1_33' title='bbox 1208 993 1425 1080; x_wconf 79' lang='lat' dir='ltr'><strong>al‘rotogeno</strong></span> <span class='ocrx_word' id='word_1_34' title='bbox 1439 993 1564 1062; x_wconf 88' lang='lat' dir='ltr'><strong>diserte</strong></span> <span class='ocrx_word' id='word_1_35' title='bbox 1585 1006 1813 1066; x_wconf 90' lang='lat' dir='ltr'><strong>commemorat</strong></span> <span class='ocrx_word' id='word_1_36' title='bbox 1828 996 1919 1069; x_wconf 87' lang='lat' dir='ltr'><strong>San·</strong></span> 
     </span>
     <span class='ocr_line' id='line_1_5' title="bbox 148 1111 1919 1208; baseline 0.003 -27"><span class='ocrx_word' id='word_1_37' title='bbox 148 1116 356 1184; x_wconf 85' lang='lat' dir='ltr'><strong>chuniatbon.</strong></span> <span class='ocrx_word' id='word_1_38' title='bbox 388 1113 444 1182; x_wconf 84' lang='lat' dir='ltr'><strong>Ex</strong></span> <span class='ocrx_word' id='word_1_39' title='bbox 472 1135 534 1204; x_wconf 88' lang='lat' dir='ltr'><strong>qno</strong></span> <span class='ocrx_word' id='word_1_40' title='bbox 556 1114 705 1203; x_wconf 84' lang='lat' dir='ltr'><strong>sequitur</strong></span> <span class='ocrx_word' id='word_1_41' title='bbox 731 1122 867 1184; x_wconf 86' lang='lat' dir='ltr'><strong>veteres</strong></span> <span class='ocrx_word' id='word_1_42' title='bbox 888 1114 1033 1184; x_wconf 90' lang='lat' dir='ltr'><strong>voluisse</strong></span> <span class='ocrx_word' id='word_1_43' title='bbox 1055 1114 1198 1202; x_wconf 90' lang='lat' dir='ltr'><strong>tradere,</strong></span> <span class='ocrx_word' id='word_1_44' title='bbox 1219 1112 1374 1180; x_wconf 88' lang='lat' dir='ltr'><strong>decimum</strong></span> <span class='ocrx_word' id='word_1_45' title='bbox 1394 1132 1416 1181; x_wconf 89' lang='lat' dir='ltr'><strong>a</strong></span> <span class='ocrx_word' id='word_1_46' title='bbox 1438 1111 1638 1203; x_wconf 84' lang='lat' dir='ltr'><strong>Protogene,</strong></span> <span class='ocrx_word' id='word_1_47' title='bbox 1657 1115 1759 1200; x_wconf 91' lang='lat' dir='ltr'><strong>primo</strong></span> <span class='ocrx_word' id='word_1_48' title='bbox 1780 1116 1919 1208; x_wconf 87' lang='lat' dir='ltr'><strong>homine,</strong></span> 
     </span>
     <span class='ocr_line' id='line_1_6' title="bbox 147 1229 1920 1324; baseline 0.005 -25"><span class='ocrx_word' id='word_1_49' title='bbox 147 1241 341 1320; x_wconf 83' lang='lat' dir='ltr'><strong>prognatum</strong></span> <span class='ocrx_word' id='word_1_50' title='bbox 369 1233 440 1299; x_wconf 85' lang='lat' dir='ltr'><strong>siue</strong></span> <span class='ocrx_word' id='word_1_51' title='bbox 467 1235 586 1320; x_wconf 86' lang='lat' dir='ltr'><strong>Noam,</strong></span> <span class='ocrx_word' id='word_1_52' title='bbox 607 1234 727 1322; x_wconf 88' lang='lat' dir='ltr'><strong>quippe</strong></span> <span class='ocrx_word' id='word_1_53' title='bbox 747 1231 905 1301; x_wconf 88' lang='lat' dir='ltr'><strong>decimum</strong></span> <span class='ocrx_word' id='word_1_54' title='bbox 927 1233 968 1300; x_wconf 90' lang='lat' dir='ltr'><strong>ab</strong></span> <span class='ocrx_word' id='word_1_55' title='bbox 990 1232 1117 1300; x_wconf 84' lang='lat' dir='ltr'><strong>Adamo</strong></span> <span class='ocrx_word' id='word_1_56' title='bbox 1144 1237 1352 1320; x_wconf 81' lang='lat' dir='ltr'><strong>prognatam,</strong></span> <span class='ocrx_word' id='word_1_57' title='bbox 1372 1229 1577 1318; x_wconf 80' lang='lat' dir='ltr'><strong>alphabetum</strong></span> <span class='ocrx_word' id='word_1_58' title='bbox 1598 1231 1836 1320; x_wconf 82' lang='lat' dir='ltr'><strong>Aegyptiarum</strong></span> <span class='ocrx_word' id='word_1_59' title='bbox 1855 1255 1920 1324; x_wconf 87' lang='lat' dir='ltr'><strong>pa·</strong></span> 
     </span>
     <span class='ocr_line' id='line_1_7' title="bbox 144 1346 1920 1438; baseline 0.005 -22"><span class='ocrx_word' id='word_1_60' title='bbox 144 1351 229 1419; x_wconf 87' lang='lat' dir='ltr'><strong>riter</strong></span> <span class='ocrx_word' id='word_1_61' title='bbox 249 1356 349 1438; x_wconf 88' lang='lat' dir='ltr'><strong>atque</strong></span> <span class='ocrx_word' id='word_1_62' title='bbox 369 1350 581 1419; x_wconf 83' lang='lat' dir='ltr'><strong>Phoenicium</strong></span> <span class='ocrx_word' id='word_1_63' title='bbox 602 1349 780 1420; x_wconf 86' lang='lat' dir='ltr'><strong>inuenisse.</strong></span> <span class='ocrx_word' id='word_1_64' title='bbox 822 1351 916 1426; x_wconf 78' lang='lat' dir='ltr'><strong>Quae</strong></span> <span class='ocrx_word' id='word_1_65' title='bbox 931 1349 1098 1418; x_wconf 84' lang='lat' dir='ltr'><strong>sententia</strong></span> <span class='ocrx_word' id='word_1_66' title='bbox 1111 1347 1316 1416; x_wconf 82' lang='lat' dir='ltr'><strong>confirmatur</strong></span> <span class='ocrx_word' id='word_1_67' title='bbox 1336 1346 1484 1415; x_wconf 81' lang='lat' dir='ltr'><strong>historia.</strong></span> <span class='ocrx_word' id='word_1_68' title='bbox 1525 1347 1687 1416; x_wconf 87' lang='lat' dir='ltr'><strong>Narratur</strong></span> <span class='ocrx_word' id='word_1_69' title='bbox 1707 1351 1794 1420; x_wconf 89' lang='lat' dir='ltr'><strong>enim</strong></span> <span class='ocrx_word' id='word_1_70' title='bbox 1812 1353 1920 1424; x_wconf 86' lang='lat' dir='ltr'><strong>Taaut</strong></span> 
     </span>
     <span class='ocr_line' id='line_1_8' title="bbox 144 1465 1919 1557; baseline 0.002 -22"><span class='ocrx_word' id='word_1_71' title='bbox 144 1469 290 1556; x_wconf 80' lang='lat' dir='ltr'><strong>posteris</strong></span> <span class='ocrx_word' id='word_1_72' title='bbox 318 1467 527 1555; x_wconf 83' lang='lat' dir='ltr'><strong>alphabetum</strong></span> <span class='ocrx_word' id='word_1_73' title='bbox 555 1468 743 1557; x_wconf 85' lang='lat' dir='ltr'><strong>tradidisse,</strong></span> <span class='ocrx_word' id='word_1_74' title='bbox 771 1486 835 1554; x_wconf 84' lang='lat' dir='ltr'><strong>quo</strong></span> <span class='ocrx_word' id='word_1_75' title='bbox 863 1476 1011 1555; x_wconf 85' lang='lat' dir='ltr'><strong>tempore</strong></span> <span class='ocrx_word' id='word_1_76' title='bbox 1040 1465 1181 1554; x_wconf 77' lang='lat' dir='ltr'><strong>&#39;l&#39;ypbon</strong></span> <span class='ocrx_word' id='word_1_77' title='bbox 1200 1465 1224 1531; x_wconf 92' lang='lat' dir='ltr'><strong>i.</strong></span> <span class='ocrx_word' id='word_1_78' title='bbox 1246 1484 1276 1532; x_wconf 84' lang='lat' dir='ltr'><strong>e.</strong></span> <span class='ocrx_word' id='word_1_79' title='bbox 1298 1483 1387 1532; x_wconf 88' lang='lat' dir='ltr'><strong>mare</strong></span> <span class='ocrx_word' id='word_1_80' title='bbox 1415 1466 1524 1533; x_wconf 91' lang='lat' dir='ltr'><strong>orbem</strong></span> <span class='ocrx_word' id='word_1_81' title='bbox 1546 1472 1704 1535; x_wconf 82' lang='lat' dir='ltr'><strong>terrarum</strong></span> <span class='ocrx_word' id='word_1_82' title='bbox 1725 1467 1919 1540; x_wconf 89' lang='lat' dir='ltr'><strong>inundasset</strong></span> 
     </span>
     <span class='ocr_line' id='line_1_9' title="bbox 145 1581 1918 1676; baseline 0.005 -27"><span class='ocrx_word' id='word_1_83' title='bbox 145 1589 217 1668; x_wconf 81' lang='lat' dir='ltr'><strong>(roo</strong></span> <span class='ocrx_word' id='word_1_84' title='bbox 238 1608 344 1672; x_wconf 75' lang='lat' dir='ltr'><strong>sopor</strong></span> <span class='ocrx_word' id='word_1_85' title='bbox 365 1591 402 1651; x_wconf 79' lang='grc' dir='ltr'><strong>ἐκ</strong></span> <span class='ocrx_word' id='word_1_86' title='bbox 422 1606 543 1663; x_wconf 70' lang='lat' dir='ltr'><strong>marroc</strong></span> <span class='ocrx_word' id='word_1_87' title='bbox 564 1584 697 1670; x_wconf 69' lang='grc' dir='ltr'><strong>αὔξειν).</strong></span> <span class='ocrx_word' id='word_1_88' title='bbox 740 1585 814 1652; x_wconf 85' lang='lat' dir='ltr'><strong>Huc</strong></span> <span class='ocrx_word' id='word_1_89' title='bbox 834 1585 913 1652; x_wconf 88' lang='lat' dir='ltr'><strong>lacit</strong></span> <span class='ocrx_word' id='word_1_90' title='bbox 934 1585 1027 1651; x_wconf 90' lang='lat' dir='ltr'><strong>locus</strong></span> <span class='ocrx_word' id='word_1_91' title='bbox 1048 1581 1134 1670; x_wconf 87' lang='lat' dir='ltr'><strong>apud</strong></span> <span class='ocrx_word' id='word_1_92' title='bbox 1155 1582 1326 1671; x_wconf 87' lang='lat' dir='ltr'><strong>Berosum,</strong></span> <span class='ocrx_word' id='word_1_93' title='bbox 1348 1583 1401 1670; x_wconf 79' lang='lat' dir='ltr'><strong>qui</strong></span> <span class='ocrx_word' id='word_1_94' title='bbox 1423 1582 1535 1676; x_wconf 82' lang='lat' dir='ltr'><strong>tradit,</strong></span> <span class='ocrx_word' id='word_1_95' title='bbox 1555 1585 1660 1652; x_wconf 90' lang='lat' dir='ltr'><strong>virum</strong></span> <span class='ocrx_word' id='word_1_96' title='bbox 1680 1585 1770 1652; x_wconf 90' lang='lat' dir='ltr'><strong>illum</strong></span> <span class='ocrx_word' id='word_1_97' title='bbox 1799 1585 1918 1657; x_wconf 85' lang='lat' dir='ltr'><strong>diluuio</strong></span> 
     </span>
     <span class='ocr_line' id='line_1_10' title="bbox 143 1700 1918 1794; baseline 0.004 -28"><span class='ocrx_word' id='word_1_98' title='bbox 143 1703 355 1789; x_wconf 88' lang='lat' dir='ltr'><strong>superstitem</strong></span> <span class='ocrx_word' id='word_1_99' title='bbox 376 1703 581 1792; x_wconf 86' lang='lat' dir='ltr'><strong>alphabetum</strong></span> <span class='ocrx_word' id='word_1_100' title='bbox 608 1701 728 1771; x_wconf 89' lang='lat' dir='ltr'><strong>diluuio</strong></span> <span class='ocrx_word' id='word_1_101' title='bbox 753 1702 954 1770; x_wconf 89' lang='lat' dir='ltr'><strong>aduentante</strong></span> <span class='ocrx_word' id='word_1_102' title='bbox 974 1701 1174 1791; x_wconf 84' lang='lat' dir='ltr'><strong>condidisse,</strong></span> <span class='ocrx_word' id='word_1_103' title='bbox 1193 1700 1286 1768; x_wconf 88' lang='lat' dir='ltr'><strong>hnita</strong></span> <span class='ocrx_word' id='word_1_104' title='bbox 1305 1700 1518 1769; x_wconf 88' lang='lat' dir='ltr'><strong>inundatione</strong></span> <span class='ocrx_word' id='word_1_105' title='bbox 1539 1703 1684 1790; x_wconf 87' lang='lat' dir='ltr'><strong>posteris</strong></span> <span class='ocrx_word' id='word_1_106' title='bbox 1711 1705 1918 1794; x_wconf 74' lang='lat' dir='ltr'><strong>restituisse,</strong></span> 
     </span>
     <span class='ocr_line' id='line_1_11' title="bbox 143 1815 1918 1909; baseline 0.002 -23"><span class='ocrx_word' id='word_1_107' title='bbox 143 1821 186 1886; x_wconf 93' lang='lat' dir='ltr'><strong>de</strong></span> <span class='ocrx_word' id='word_1_108' title='bbox 209 1839 272 1908; x_wconf 85' lang='lat' dir='ltr'><strong>quo</strong></span> <span class='ocrx_word' id='word_1_109' title='bbox 293 1820 391 1888; x_wconf 86' lang='lat' dir='ltr'><strong>inira.</strong></span> <span class='ocrx_word' id='word_1_110' title='bbox 434 1818 663 1888; x_wconf 82' lang='lat' dir='ltr'><strong>Subsistemus</strong></span> <span class='ocrx_word' id='word_1_111' title='bbox 682 1819 717 1887; x_wconf 93' lang='lat' dir='ltr'><strong>in</strong></span> <span class='ocrx_word' id='word_1_112' title='bbox 737 1839 789 1909; x_wconf 93' lang='lat' dir='ltr'><strong>eu,</strong></span> <span class='ocrx_word' id='word_1_113' title='bbox 811 1820 897 1908; x_wconf 84' lang='lat' dir='ltr'><strong>quod</strong></span> <span class='ocrx_word' id='word_1_114' title='bbox 919 1839 939 1887; x_wconf 95' lang='lat' dir='ltr'><strong>e</strong></span> <span class='ocrx_word' id='word_1_115' title='bbox 960 1821 1126 1889; x_wconf 86' lang='lat' dir='ltr'><strong>sententia</strong></span> <span class='ocrx_word' id='word_1_116' title='bbox 1146 1823 1296 1889; x_wconf 91' lang='lat' dir='ltr'><strong>veterum</strong></span> <span class='ocrx_word' id='word_1_117' title='bbox 1317 1815 1483 1906; x_wconf 81' lang='lat' dir='ltr'><strong>alphabeti</strong></span> <span class='ocrx_word' id='word_1_118' title='bbox 1514 1819 1713 1908; x_wconf 83' lang='lat' dir='ltr'><strong>Aegyptiaci</strong></span> <span class='ocrx_word' id='word_1_119' title='bbox 1730 1826 1844 1890; x_wconf 91' lang='lat' dir='ltr'><strong>auctor</strong></span> <span class='ocrx_word' id='word_1_120' title='bbox 1864 1829 1918 1890; x_wconf 86' lang='lat' dir='ltr'><strong>est</strong></span> 
     </span>
     <span class='ocr_line' id='line_1_12' title="bbox 142 1935 905 2025; baseline 0 -20"><span class='ocrx_word' id='word_1_121' title='bbox 142 1937 273 2005; x_wconf 89' lang='lat' dir='ltr'><strong>diuinus</strong></span> <span class='ocrx_word' id='word_1_122' title='bbox 295 1938 350 2004; x_wconf 89' lang='lat' dir='ltr'><strong>ille</strong></span> <span class='ocrx_word' id='word_1_123' title='bbox 372 1935 482 2003; x_wconf 83' lang='lat' dir='ltr'><strong>&#39;l&#39;huth</strong></span> <span class='ocrx_word' id='word_1_124' title='bbox 504 1941 615 2005; x_wconf 90' lang='lat' dir='ltr'><strong>aetate</strong></span> <span class='ocrx_word' id='word_1_125' title='bbox 636 1937 747 2005; x_wconf 88' lang='lat' dir='ltr'><strong>diluuii</strong></span> <span class='ocrx_word' id='word_1_126' title='bbox 768 1937 905 2025; x_wconf 85' lang='lat' dir='ltr'><strong>degens.</strong></span> 
     </span>
    </p>

    <p class='ocr_par' dir='ltr' id='par_1_3' title="bbox 137 2051 1920 4018">
     <span class='ocr_line' id='line_1_13' title="bbox 296 2051 1917 2144; baseline 0.002 -22"><span class='ocrx_word' id='word_1_127' title='bbox 296 2051 334 2122; x_wconf 83' lang='lat'><strong>4.</strong></span> <span class='ocrx_word' id='word_1_128' title='bbox 377 2052 599 2141; x_wconf 84' lang='lat' dir='ltr'><strong>Alphabetum</strong></span> <span class='ocrx_word' id='word_1_129' title='bbox 619 2055 861 2142; x_wconf 81' lang='lat' dir='ltr'><strong>Aegyptiacum</strong></span> <span class='ocrx_word' id='word_1_130' title='bbox 883 2052 1060 2124; x_wconf 72' lang='lat' dir='ltr'><strong>chaldaico</strong></span> <span class='ocrx_word' id='word_1_131' title='bbox 1081 2056 1214 2144; x_wconf 84' lang='lat' dir='ltr'><strong>antiquo</strong></span> <span class='ocrx_word' id='word_1_132' title='bbox 1236 2055 1307 2122; x_wconf 91' lang='lat' dir='ltr'><strong>siue</strong></span> <span class='ocrx_word' id='word_1_133' title='bbox 1328 2054 1511 2144; x_wconf 87' lang='lat' dir='ltr'><strong>Hebraico,</strong></span> <span class='ocrx_word' id='word_1_134' title='bbox 1537 2072 1672 2142; x_wconf 84' lang='lat' dir='ltr'><strong>quocum</strong></span> <span class='ocrx_word' id='word_1_135' title='bbox 1698 2055 1826 2142; x_wconf 83' lang='lat' dir='ltr'><strong>reliqua</strong></span> <span class='ocrx_word' id='word_1_136' title='bbox 1847 2057 1917 2126; x_wconf 85' lang='lat' dir='ltr'><strong>lere</strong></span> 
     </span>
     <span class='ocr_line' id='line_1_14' title="bbox 142 2170 1918 2262; baseline 0.002 -23"><span class='ocrx_word' id='word_1_137' title='bbox 142 2171 254 2239; x_wconf 87' lang='lat' dir='ltr'><strong>omnia</strong></span> <span class='ocrx_word' id='word_1_138' title='bbox 282 2170 457 2258; x_wconf 86' lang='lat' dir='ltr'><strong>alphabeta</strong></span> <span class='ocrx_word' id='word_1_139' title='bbox 484 2173 706 2261; x_wconf 89' lang='lat' dir='ltr'><strong>consentiunt,</strong></span> <span class='ocrx_word' id='word_1_140' title='bbox 735 2181 793 2240; x_wconf 90' lang='lat' dir='ltr'><strong>aut</strong></span> <span class='ocrx_word' id='word_1_141' title='bbox 822 2175 960 2262; x_wconf 84' lang='lat' dir='ltr'><strong>aequale</strong></span> <span class='ocrx_word' id='word_1_142' title='bbox 988 2179 1044 2240; x_wconf 90' lang='lat' dir='ltr'><strong>aut</strong></span> <span class='ocrx_word' id='word_1_143' title='bbox 1071 2174 1264 2240; x_wconf 87' lang='lat' dir='ltr'><strong>simillimum</strong></span> <span class='ocrx_word' id='word_1_144' title='bbox 1290 2173 1389 2240; x_wconf 87' lang='lat' dir='ltr'><strong>luerit</strong></span> <span class='ocrx_word' id='word_1_145' title='bbox 1414 2189 1555 2238; x_wconf 90' lang='lat' dir='ltr'><strong>necesse</strong></span> <span class='ocrx_word' id='word_1_146' title='bbox 1581 2177 1644 2240; x_wconf 81' lang='lat' dir='ltr'><strong>est.</strong></span> <span class='ocrx_word' id='word_1_147' title='bbox 1693 2170 1802 2240; x_wconf 85' lang='lat' dir='ltr'><strong>Primo</strong></span> <span class='ocrx_word' id='word_1_148' title='bbox 1832 2175 1918 2242; x_wconf 89' lang='lat' dir='ltr'><strong>enim</strong></span> 
     </span>
     <span class='ocr_line' id='line_1_15' title="bbox 142 2287 1917 2382; baseline 0.001 -26"><span class='ocrx_word' id='word_1_149' title='bbox 142 2287 299 2357; x_wconf 84' lang='lat' dir='ltr'><strong>Clemens</strong></span> <span class='ocrx_word' id='word_1_150' title='bbox 313 2287 367 2354; x_wconf 86' lang='lat' dir='ltr'><strong>Al.</strong></span> <span class='ocrx_word' id='word_1_151' title='bbox 382 2289 453 2355; x_wconf 87' lang='lat' dir='ltr'><strong>loeo</strong></span> <span class='ocrx_word' id='word_1_152' title='bbox 468 2288 691 2356; x_wconf 88' lang='lat' dir='ltr'><strong>laudatissimo</strong></span> <span class='ocrx_word' id='word_1_153' title='bbox 713 2287 870 2382; x_wconf 65' lang='lat' dir='ltr'><strong>truditfl),</strong></span> <span class='ocrx_word' id='word_1_154' title='bbox 892 2293 1130 2380; x_wconf 84' lang='lat' dir='ltr'><strong>Aegyptiorum</strong></span> <span class='ocrx_word' id='word_1_155' title='bbox 1151 2289 1397 2376; x_wconf 82' lang='lat' dir='ltr'><strong>hieroglyphice</strong></span> <span class='ocrx_word' id='word_1_156' title='bbox 1417 2288 1503 2376; x_wconf 84' lang='lat' dir='ltr'><strong>loqui</strong></span> <span class='ocrx_word' id='word_1_157' title='bbox 1525 2305 1585 2375; x_wconf 90' lang='lat' dir='ltr'><strong>per</strong></span> <span class='ocrx_word' id='word_1_158' title='bbox 1606 2289 1791 2376; x_wconf 88' lang='lat' dir='ltr'><strong>primaeuas</strong></span> <span class='ocrx_word' id='word_1_159' title='bbox 1802 2289 1917 2358; x_wconf 87' lang='lat' dir='ltr'><strong>literas</strong></span> 
     </span>
     <span class='ocr_line' id='line_1_16' title="bbox 142 2405 1918 2496; baseline 0.001 -24"><span class='ocrx_word' id='word_1_160' title='bbox 142 2409 213 2490; x_wconf 79' lang='lat' dir='ltr'><strong>(decc</strong></span> <span class='ocrx_word' id='word_1_161' title='bbox 233 2431 298 2472; x_wconf 78' lang='grc' dir='ltr'><strong>των</strong></span> <span class='ocrx_word' id='word_1_162' title='bbox 318 2430 451 2495; x_wconf 73' lang='lat' dir='ltr'><strong>rupturum</strong></span> <span class='ocrx_word' id='word_1_163' title='bbox 472 2429 641 2486; x_wconf 75' lang='grc' dir='ltr'><em>στοιχειων</em></span> <span class='ocrx_word' id='word_1_164' title='bbox 661 2411 888 2496; x_wconf 68' lang='lat' dir='ltr'><strong>stupratores).</strong></span> <span class='ocrx_word' id='word_1_165' title='bbox 932 2408 1025 2492; x_wconf 78' lang='lat' dir='ltr'><strong>Quae</strong></span> <span class='ocrx_word' id='word_1_166' title='bbox 1048 2410 1148 2476; x_wconf 84' lang='lat' dir='ltr'><strong>verba</strong></span> <span class='ocrx_word' id='word_1_167' title='bbox 1169 2407 1339 2475; x_wconf 82' lang='lat' dir='ltr'><strong>Letronme</strong></span> <span class='ocrx_word' id='word_1_168' title='bbox 1361 2405 1489 2493; x_wconf 84' lang='lat' dir='ltr'><strong>quidem</strong></span> <span class='ocrx_word' id='word_1_169' title='bbox 1510 2406 1545 2472; x_wconf 86' lang='lat' dir='ltr'><strong>in</strong></span> <span class='ocrx_word' id='word_1_170' title='bbox 1565 2407 1704 2492; x_wconf 79' lang='lat' dir='ltr'><strong>gratiam</strong></span> <span class='ocrx_word' id='word_1_171' title='bbox 1715 2405 1918 2494; x_wconf 77' lang='lat' dir='ltr'><strong>champolli-</strong></span> 
     </span>
     <span class='ocr_line' id='line_1_17' title="bbox 142 2523 1917 2614; baseline 0 -22"><span class='ocrx_word' id='word_1_172' title='bbox 142 2524 216 2592; x_wconf 93' lang='lat' dir='ltr'><strong>onis</strong></span> <span class='ocrx_word' id='word_1_173' title='bbox 236 2526 472 2611; x_wconf 85' lang='lat' dir='ltr'><strong>iuterpretatur</strong></span> <span class='ocrx_word' id='word_1_174' title='bbox 493 2525 562 2592; x_wconf 81' lang='lat' dir='ltr'><strong>sic:</strong></span> <span class='ocrx_word' id='word_1_175' title='bbox 585 2525 834 2614; x_wconf 83' lang='lat' dir='ltr'><strong>hieroglyphice</strong></span> <span class='ocrx_word' id='word_1_176' title='bbox 856 2527 1030 2614; x_wconf 82' lang='lat' dir='ltr'><strong>phonetica</strong></span> <span class='ocrx_word' id='word_1_177' title='bbox 1051 2544 1110 2594; x_wconf 90' lang='lat' dir='ltr'><strong>eos</strong></span> <span class='ocrx_word' id='word_1_178' title='bbox 1131 2525 1357 2611; x_wconf 83' lang='lat' dir='ltr'><strong>significarunt</strong></span> <span class='ocrx_word' id='word_1_179' title='bbox 1378 2543 1490 2611; x_wconf 87' lang='lat' dir='ltr'><strong>sonos,</strong></span> <span class='ocrx_word' id='word_1_180' title='bbox 1512 2541 1534 2590; x_wconf 85' lang='lat' dir='ltr'><strong>a</strong></span> <span class='ocrx_word' id='word_1_181' title='bbox 1554 2523 1671 2612; x_wconf 85' lang='lat' dir='ltr'><strong>quibus</strong></span> <span class='ocrx_word' id='word_1_182' title='bbox 1694 2524 1823 2592; x_wconf 90' lang='lat' dir='ltr'><strong>uomina</strong></span> <span class='ocrx_word' id='word_1_183' title='bbox 1843 2525 1917 2593; x_wconf 89' lang='lat' dir='ltr'><strong>bie-</strong></span> 
     </span>
     <span class='ocr_line' id='line_1_18' title="bbox 142 2641 1918 2734; baseline 0.002 -26"><span class='ocrx_word' id='word_1_184' title='bbox 142 2643 403 2730; x_wconf 83' lang='lat' dir='ltr'><strong>roglypbicorum</strong></span> <span class='ocrx_word' id='word_1_185' title='bbox 425 2642 618 2732; x_wconf 85' lang='lat' dir='ltr'><strong>inciperent,</strong></span> <span class='ocrx_word' id='word_1_186' title='bbox 639 2654 678 2712; x_wconf 90' lang='lat' dir='ltr'><strong>vt</strong></span> <span class='ocrx_word' id='word_1_187' title='bbox 699 2645 864 2714; x_wconf 87' lang='lat' dir='ltr'><strong>Hebraico</strong></span> <span class='ocrx_word' id='word_1_188' title='bbox 886 2646 920 2712; x_wconf 93' lang='lat' dir='ltr'><strong>in</strong></span> <span class='ocrx_word' id='word_1_189' title='bbox 941 2644 1114 2732; x_wconf 88' lang='lat' dir='ltr'><strong>alphabeto</strong></span> <span class='ocrx_word' id='word_1_190' title='bbox 1137 2641 1267 2711; x_wconf 89' lang='lat' dir='ltr'><strong>accidit.</strong></span> <span class='ocrx_word' id='word_1_191' title='bbox 1311 2641 1360 2708; x_wconf 82' lang='lat' dir='ltr'><strong>At</strong></span> <span class='ocrx_word' id='word_1_192' title='bbox 1381 2642 1465 2710; x_wconf 89' lang='lat' dir='ltr'><strong>bane</strong></span> <span class='ocrx_word' id='word_1_193' title='bbox 1485 2642 1585 2710; x_wconf 91' lang='lat' dir='ltr'><strong>talem</strong></span> <span class='ocrx_word' id='word_1_194' title='bbox 1604 2642 1918 2734; x_wconf 87' lang='lat' dir='ltr'><strong>interpretationem,</strong></span> 
     </span>
     <span class='ocr_line' id='line_1_19' title="bbox 143 2746 1919 2850; baseline 0.003 -26"><span class='ocrx_word' id='word_1_195' title='bbox 143 2746 216 2826; x_wconf 86' lang='lat' dir='ltr'><strong>rtut</strong></span> <span class='ocrx_word' id='word_1_196' title='bbox 231 2759 450 2848; x_wconf 85' lang='lat' dir='ltr'><strong>ingeniosam,</strong></span> <span class='ocrx_word' id='word_1_197' title='bbox 461 2760 557 2827; x_wconf 88' lang='lat' dir='ltr'><strong>nimis</strong></span> <span class='ocrx_word' id='word_1_198' title='bbox 571 2761 781 2830; x_wconf 83' lang='lat' dir='ltr'><strong>artificiosam</strong></span> <span class='ocrx_word' id='word_1_199' title='bbox 792 2781 883 2850; x_wconf 88' lang='lat' dir='ltr'><strong>esse,</strong></span> <span class='ocrx_word' id='word_1_200' title='bbox 897 2781 992 2830; x_wconf 90' lang='lat' dir='ltr'><strong>nemo</strong></span> <span class='ocrx_word' id='word_1_201' title='bbox 1007 2781 1146 2850; x_wconf 87' lang='lat' dir='ltr'><strong>vnquam</strong></span> <span class='ocrx_word' id='word_1_202' title='bbox 1159 2761 1302 2849; x_wconf 85' lang='lat' dir='ltr'><strong>negabit,</strong></span> <span class='ocrx_word' id='word_1_203' title='bbox 1315 2780 1335 2836; x_wconf 84' lang='lat' dir='ltr'><strong>a</strong></span> <span class='ocrx_word' id='word_1_204' title='bbox 1348 2761 1488 2847; x_wconf 90' lang='lat' dir='ltr'><strong>partium</strong></span> <span class='ocrx_word' id='word_1_205' title='bbox 1508 2760 1616 2828; x_wconf 87' lang='lat' dir='ltr'><strong>studio</strong></span> <span class='ocrx_word' id='word_1_206' title='bbox 1638 2759 1774 2826; x_wconf 90' lang='lat' dir='ltr'><strong>alienus.</strong></span> <span class='ocrx_word' id='word_1_207' title='bbox 1797 2758 1919 2830; x_wconf 83' lang='lat' dir='ltr'><strong>Contra</strong></span> 
     </span>
     <span class='ocr_line' id='line_1_20' title="bbox 143 2874 1919 2968; baseline 0.003 -28"><span class='ocrx_word' id='word_1_208' title='bbox 143 2874 268 2940; x_wconf 86' lang='lat' dir='ltr'><strong>iaciliur</strong></span> <span class='ocrx_word' id='word_1_209' title='bbox 290 2893 329 2940; x_wconf 88' lang='lat' dir='ltr'><strong>ac</strong></span> <span class='ocrx_word' id='word_1_210' title='bbox 350 2875 527 2942; x_wconf 88' lang='lat' dir='ltr'><strong>naturalior</strong></span> <span class='ocrx_word' id='word_1_211' title='bbox 548 2884 602 2942; x_wconf 89' lang='lat' dir='ltr'><strong>est</strong></span> <span class='ocrx_word' id='word_1_212' title='bbox 621 2881 790 2946; x_wconf 85' lang='lat' dir='ltr'><strong>sententia</strong></span> <span class='ocrx_word' id='word_1_213' title='bbox 812 2881 971 2968; x_wconf 88' lang='lat' dir='ltr'><strong>Weishii,</strong></span> <span class='ocrx_word' id='word_1_214' title='bbox 992 2881 1046 2967; x_wconf 88' lang='lat' dir='ltr'><strong>qui</strong></span> <span class='ocrx_word' id='word_1_215' title='bbox 1067 2902 1179 2968; x_wconf 74' lang='lat' dir='ltr'><strong>npetu</strong></span> <span class='ocrx_word' id='word_1_216' title='bbox 1199 2901 1347 2958; x_wconf 78' lang='grc' dir='ltr'><strong>στοιχεια</strong></span> <span class='ocrx_word' id='word_1_217' title='bbox 1361 2876 1441 2945; x_wconf 89' lang='lat' dir='ltr'><strong>dicit</strong></span> <span class='ocrx_word' id='word_1_218' title='bbox 1462 2878 1627 2965; x_wconf 90' lang='lat' dir='ltr'><strong>primaeua</strong></span> <span class='ocrx_word' id='word_1_219' title='bbox 1640 2877 1825 2967; x_wconf 88' lang='lat' dir='ltr'><strong>scripturae</strong></span> <span class='ocrx_word' id='word_1_220' title='bbox 1847 2879 1919 2948; x_wconf 91' lang='lat' dir='ltr'><strong>ele-</strong></span> 
     </span>
     <span class='ocr_line' id='line_1_21' title="bbox 142 2991 1918 3084; baseline 0.003 -26"><span class='ocrx_word' id='word_1_221' title='bbox 142 2997 265 3078; x_wconf 89' lang='lat' dir='ltr'><strong>menta,</strong></span> <span class='ocrx_word' id='word_1_222' title='bbox 285 2995 407 3077; x_wconf 84' lang='lat' dir='ltr'><strong>primas</strong></span> <span class='ocrx_word' id='word_1_223' title='bbox 427 2991 556 3078; x_wconf 89' lang='lat' dir='ltr'><strong>inquam</strong></span> <span class='ocrx_word' id='word_1_224' title='bbox 577 2994 688 3076; x_wconf 76' lang='lat' dir='ltr'><strong>gentis</strong></span> <span class='ocrx_word' id='word_1_225' title='bbox 710 2994 868 3064; x_wconf 88' lang='lat' dir='ltr'><strong>humanae</strong></span> <span class='ocrx_word' id='word_1_226' title='bbox 890 2996 1017 3063; x_wconf 86' lang='lat' dir='ltr'><strong>literas.</strong></span> <span class='ocrx_word' id='word_1_227' title='bbox 1040 2995 1191 3084; x_wconf 86' lang='lat' dir='ltr'><strong>Accedit,</strong></span> <span class='ocrx_word' id='word_1_228' title='bbox 1211 2996 1297 3082; x_wconf 90' lang='lat' dir='ltr'><strong>quod</strong></span> <span class='ocrx_word' id='word_1_229' title='bbox 1316 2994 1571 3082; x_wconf 72' lang='lat' dir='ltr'><strong>champollionis</strong></span> <span class='ocrx_word' id='word_1_230' title='bbox 1592 2994 1785 3083; x_wconf 88' lang='lat' dir='ltr'><strong>hypothesis</strong></span> <span class='ocrx_word' id='word_1_231' title='bbox 1805 3014 1918 3082; x_wconf 88' lang='lat' dir='ltr'><strong>parum</strong></span> 
     </span>
     <span class='ocr_line' id='line_1_22' title="bbox 143 3107 1919 3199; baseline 0.002 -23"><span class='ocrx_word' id='word_1_232' title='bbox 143 3107 350 3176; x_wconf 82' lang='lat' dir='ltr'><strong>confirmatur</strong></span> <span class='ocrx_word' id='word_1_233' title='bbox 371 3114 501 3174; x_wconf 90' lang='lat' dir='ltr'><strong>euentu.</strong></span> <span class='ocrx_word' id='word_1_234' title='bbox 545 3110 751 3179; x_wconf 87' lang='lat' dir='ltr'><strong>Paucissimn</strong></span> <span class='ocrx_word' id='word_1_235' title='bbox 772 3118 850 3178; x_wconf 89' lang='lat' dir='ltr'><strong>suut</strong></span> <span class='ocrx_word' id='word_1_236' title='bbox 871 3110 1118 3199; x_wconf 79' lang='lat' dir='ltr'><strong>hieroglyphice</strong></span> <span class='ocrx_word' id='word_1_237' title='bbox 1139 3130 1198 3178; x_wconf 92' lang='lat' dir='ltr'><strong>eos</strong></span> <span class='ocrx_word' id='word_1_238' title='bbox 1219 3109 1439 3196; x_wconf 81' lang='lat' dir='ltr'><strong>significantia</strong></span> <span class='ocrx_word' id='word_1_239' title='bbox 1465 3130 1583 3199; x_wconf 89' lang='lat' dir='ltr'><strong>sonos,</strong></span> <span class='ocrx_word' id='word_1_240' title='bbox 1611 3131 1632 3180; x_wconf 88' lang='lat' dir='ltr'><strong>a</strong></span> <span class='ocrx_word' id='word_1_241' title='bbox 1653 3113 1767 3199; x_wconf 84' lang='lat' dir='ltr'><strong>quibus</strong></span> <span class='ocrx_word' id='word_1_242' title='bbox 1789 3111 1919 3180; x_wconf 87' lang='lat' dir='ltr'><strong>nomina</strong></span> 
     </span>
     <span class='ocr_line' id='line_1_23' title="bbox 142 3221 1918 3316; baseline 0.002 -24"><span class='ocrx_word' id='word_1_243' title='bbox 142 3223 425 3310; x_wconf 85' lang='lat' dir='ltr'><strong>hieroglyphoram</strong></span> <span class='ocrx_word' id='word_1_244' title='bbox 453 3223 597 3312; x_wconf 91' lang='lat' dir='ltr'><strong>ipsorum</strong></span> <span class='ocrx_word' id='word_1_245' title='bbox 624 3226 790 3314; x_wconf 86' lang='lat' dir='ltr'><strong>incipiunt.</strong></span> <span class='ocrx_word' id='word_1_246' title='bbox 840 3227 910 3297; x_wconf 89' lang='lat' dir='ltr'><strong>imo</strong></span> <span class='ocrx_word' id='word_1_247' title='bbox 938 3229 1094 3316; x_wconf 87' lang='lat' dir='ltr'><strong>plurimae</strong></span> <span class='ocrx_word' id='word_1_248' title='bbox 1122 3221 1390 3316; x_wconf 86' lang='lat' dir='ltr'><strong>hieroglyphicae</strong></span> <span class='ocrx_word' id='word_1_249' title='bbox 1417 3227 1501 3294; x_wconf 88' lang='lat' dir='ltr'><strong>alius</strong></span> <span class='ocrx_word' id='word_1_250' title='bbox 1530 3226 1664 3294; x_wconf 87' lang='lat' dir='ltr'><strong>vocales</strong></span> <span class='ocrx_word' id='word_1_251' title='bbox 1693 3233 1727 3294; x_wconf 89' lang='lat' dir='ltr'><strong>et</strong></span> <span class='ocrx_word' id='word_1_252' title='bbox 1753 3245 1918 3298; x_wconf 89' lang='lat' dir='ltr'><strong>consonas</strong></span> 
     </span>
     <span class='ocr_line' id='line_1_24' title="bbox 141 3341 1918 3434; baseline 0.001 -23"><span class='ocrx_word' id='word_1_253' title='bbox 141 3341 338 3430; x_wconf 87' lang='lat' dir='ltr'><strong>exprimunt,</strong></span> <span class='ocrx_word' id='word_1_254' title='bbox 359 3361 454 3430; x_wconf 79' lang='lat' dir='ltr'><strong>qnam</strong></span> <span class='ocrx_word' id='word_1_255' title='bbox 475 3343 589 3431; x_wconf 89' lang='lat' dir='ltr'><strong>quibus</strong></span> <span class='ocrx_word' id='word_1_256' title='bbox 610 3345 740 3412; x_wconf 87' lang='lat' dir='ltr'><strong>nomina</strong></span> <span class='ocrx_word' id='word_1_257' title='bbox 760 3364 870 3412; x_wconf 90' lang='lat' dir='ltr'><strong>eorum</strong></span> <span class='ocrx_word' id='word_1_258' title='bbox 893 3345 1067 3434; x_wconf 71' lang='lat' dir='ltr'><strong>incipiunt,</strong></span> <span class='ocrx_word' id='word_1_259' title='bbox 1080 3362 1180 3431; x_wconf 85' lang='lat' dir='ltr'><strong>quare</strong></span> <span class='ocrx_word' id='word_1_260' title='bbox 1194 3341 1443 3430; x_wconf 87' lang='lat' dir='ltr'><strong>acropbonicum</strong></span> <span class='ocrx_word' id='word_1_261' title='bbox 1455 3341 1533 3409; x_wconf 89' lang='lat' dir='ltr'><strong>illud</strong></span> <span class='ocrx_word' id='word_1_262' title='bbox 1552 3341 1918 3432; x_wconf 83' lang='lat' dir='ltr'><strong>hieroglyphicesprin·</strong></span> 
     </span>
     <span class='ocr_line' id='line_1_25' title="bbox 141 3450 1920 3554; baseline 0.001 -27"><span class='ocrx_word' id='word_1_263' title='bbox 141 3460 262 3546; x_wconf 88' lang='lat' dir='ltr'><strong>cipium</strong></span> <span class='ocrx_word' id='word_1_264' title='bbox 283 3457 415 3525; x_wconf 89' lang='lat' dir='ltr'><strong>videtur</strong></span> <span class='ocrx_word' id='word_1_265' title='bbox 437 3460 610 3528; x_wconf 79' lang='lat' dir='ltr'><strong>fortuitum</strong></span> <span class='ocrx_word' id='word_1_266' title='bbox 652 3462 756 3529; x_wconf 82' lang='lat' dir='ltr'><strong>Poma</strong></span> <span class='ocrx_word' id='word_1_267' title='bbox 778 3470 856 3530; x_wconf 90' lang='lat' dir='ltr'><strong>snnt</strong></span> <span class='ocrx_word' id='word_1_268' title='bbox 876 3462 1130 3548; x_wconf 77' lang='lat' dir='ltr'><strong>hieroglyphice,</strong></span> <span class='ocrx_word' id='word_1_269' title='bbox 1150 3479 1244 3548; x_wconf 85' lang='lat' dir='ltr'><strong>quae,</strong></span> <span class='ocrx_word' id='word_1_270' title='bbox 1264 3464 1303 3525; x_wconf 88' lang='lat' dir='ltr'><strong>vt</strong></span> <span class='ocrx_word' id='word_1_271' title='bbox 1330 3459 1403 3545; x_wconf 89' lang='lat' dir='ltr'><strong>ipse</strong></span> <span class='ocrx_word' id='word_1_272' title='bbox 1430 3456 1653 3545; x_wconf 75' lang='lat' dir='ltr'><strong>champollion</strong></span> <span class='ocrx_word' id='word_1_273' title='bbox 1679 3450 1920 3554; x_wconf 85' lang='lat' dir='ltr'><strong>animaduertit,</strong></span> 
     </span>
     <span class='ocr_line' id='line_1_26' title="bbox 139 3575 1917 3662; baseline 0.002 -20"><span class='ocrx_word' id='word_1_274' title='bbox 139 3576 295 3643; x_wconf 90' lang='lat' dir='ltr'><strong>diuersos</strong></span> <span class='ocrx_word' id='word_1_275' title='bbox 315 3595 416 3643; x_wconf 91' lang='lat' dir='ltr'><strong>sonos</strong></span> <span class='ocrx_word' id='word_1_276' title='bbox 437 3576 583 3645; x_wconf 85' lang='lat' dir='ltr'><strong>valcant.</strong></span> <span class='ocrx_word' id='word_1_277' title='bbox 626 3577 686 3645; x_wconf 82' lang='lat' dir='ltr'><strong>Sic</strong></span> <span class='ocrx_word' id='word_1_278' title='bbox 706 3580 759 3646; x_wconf 90' lang='lat' dir='ltr'><strong>leo</strong></span> <span class='ocrx_word' id='word_1_279' title='bbox 782 3597 847 3644; x_wconf 91' lang='lat' dir='ltr'><strong>non</strong></span> <span class='ocrx_word' id='word_1_280' title='bbox 869 3578 973 3645; x_wconf 91' lang='lat' dir='ltr'><strong>solum</strong></span> <span class='ocrx_word' id='word_1_281' title='bbox 994 3579 1008 3642; x_wconf 87' lang='lat' dir='ltr'><strong>l</strong></span> <span class='ocrx_word' id='word_1_282' title='bbox 1028 3575 1090 3643; x_wconf 90' lang='lat' dir='ltr'><strong>sed</strong></span> <span class='ocrx_word' id='word_1_283' title='bbox 1111 3578 1209 3642; x_wconf 88' lang='lat' dir='ltr'><strong>etiam</strong></span> <span class='ocrx_word' id='word_1_284' title='bbox 1230 3595 1263 3662; x_wconf 84' lang='lat' dir='ltr'><strong>r,</strong></span> <span class='ocrx_word' id='word_1_285' title='bbox 1286 3576 1362 3641; x_wconf 91' lang='lat' dir='ltr'><strong>item</strong></span> <span class='ocrx_word' id='word_1_286' title='bbox 1384 3594 1514 3661; x_wconf 90' lang='lat' dir='ltr'><strong>pennae</strong></span> <span class='ocrx_word' id='word_1_287' title='bbox 1536 3575 1632 3643; x_wconf 85' lang='lat' dir='ltr'><strong>binae</strong></span> <span class='ocrx_word' id='word_1_288' title='bbox 1654 3595 1740 3643; x_wconf 91' lang='lat' dir='ltr'><strong>nuuc</strong></span> <span class='ocrx_word' id='word_1_289' title='bbox 1761 3578 1775 3644; x_wconf 75' lang='lat' dir='ltr'><strong>a·</strong></span> <span class='ocrx_word' id='word_1_290' title='bbox 1794 3597 1878 3645; x_wconf 92' lang='lat' dir='ltr'><strong>nunc</strong></span> <span class='ocrx_word' id='word_1_291' title='bbox 1899 3598 1917 3644; x_wconf 83' lang='lat' dir='ltr'><strong>a</strong></span> 
     </span>
     <span class='ocr_line' id='line_1_27' title="bbox 137 3690 1917 3784; baseline 0.003 -26"><span class='ocrx_word' id='word_1_292' title='bbox 137 3692 331 3780; x_wconf 83' lang='lat' dir='ltr'><strong>significant</strong></span> <span class='ocrx_word' id='word_1_293' title='bbox 351 3693 434 3779; x_wconf 87' lang='lat' dir='ltr'><strong>ipsis</strong></span> <span class='ocrx_word' id='word_1_294' title='bbox 454 3695 490 3759; x_wconf 92' lang='lat' dir='ltr'><strong>in</strong></span> <span class='ocrx_word' id='word_1_295' title='bbox 512 3697 691 3763; x_wconf 87' lang='lat' dir='ltr'><strong>nominibus</strong></span> <span class='ocrx_word' id='word_1_296' title='bbox 713 3696 863 3784; x_wconf 88' lang='lat' dir='ltr'><strong>propriis.</strong></span> <span class='ocrx_word' id='word_1_297' title='bbox 909 3695 1012 3771; x_wconf 78' lang='lat' dir='ltr'><strong>Quem</strong></span> <span class='ocrx_word' id='word_1_298' title='bbox 1033 3693 1217 3780; x_wconf 89' lang='lat' dir='ltr'><strong>scrupulum</strong></span> <span class='ocrx_word' id='word_1_299' title='bbox 1245 3690 1468 3778; x_wconf 74' lang='lat' dir='ltr'><strong>champollion</strong></span> <span class='ocrx_word' id='word_1_300' title='bbox 1496 3711 1536 3759; x_wconf 95' lang='lat' dir='ltr'><strong>eo</strong></span> <span class='ocrx_word' id='word_1_301' title='bbox 1558 3691 1653 3759; x_wconf 87' lang='lat' dir='ltr'><strong>nobis</strong></span> <span class='ocrx_word' id='word_1_302' title='bbox 1680 3695 1824 3762; x_wconf 84' lang='lat' dir='ltr'><strong>eximere</strong></span> <span class='ocrx_word' id='word_1_303' title='bbox 1844 3703 1917 3764; x_wconf 87' lang='lat' dir='ltr'><strong>sla·</strong></span> 
     </span>
     <span class='ocr_line' id='line_1_28' title="bbox 139 3808 1918 3902; baseline 0.002 -22"><span class='ocrx_word' id='word_1_304' title='bbox 139 3811 224 3899; x_wconf 84' lang='lat' dir='ltr'><strong>drdt,</strong></span> <span class='ocrx_word' id='word_1_305' title='bbox 245 3810 330 3899; x_wconf 85' lang='lat' dir='ltr'><strong>quod</strong></span> <span class='ocrx_word' id='word_1_306' title='bbox 344 3809 502 3898; x_wconf 84' lang='lat' dir='ltr'><strong>Aegyptii</strong></span> <span class='ocrx_word' id='word_1_307' title='bbox 517 3811 752 3902; x_wconf 88' lang='lat' dir='ltr'><strong>Ptolemaeum,</strong></span> <span class='ocrx_word' id='word_1_308' title='bbox 766 3812 986 3901; x_wconf 85' lang='lat' dir='ltr'><strong>Cleopatram,</strong></span> <span class='ocrx_word' id='word_1_309' title='bbox 1002 3811 1188 3899; x_wconf 83' lang='lat' dir='ltr'><strong>Arsinoen,</strong></span> <span class='ocrx_word' id='word_1_310' title='bbox 1201 3808 1395 3876; x_wconf 86' lang='lat' dir='ltr'><strong>Berenicem</strong></span> <span class='ocrx_word' id='word_1_311' title='bbox 1407 3809 1551 3878; x_wconf 84' lang='lat' dir='ltr'><strong>dixerint</strong></span> <span class='ocrx_word' id='word_1_312' title='bbox 1570 3811 1667 3878; x_wconf 87' lang='lat' dir='ltr'><strong>etiam</strong></span> <span class='ocrx_word' id='word_1_313' title='bbox 1682 3811 1918 3899; x_wconf 75' lang='lat' dir='ltr'><strong>l&#39;toremaeum,</strong></span> 
     </span>
     <span class='ocr_line' id='line_1_29' title="bbox 141 3913 1918 4018; baseline -0.001 -18"><span class='ocrx_word' id='word_1_314' title='bbox 141 3927 354 4016; x_wconf 75' lang='lat' dir='ltr'><strong>creopstbm</strong></span> <span class='ocrx_word' id='word_1_315' title='bbox 376 3933 411 3994; x_wconf 87' lang='lat' dir='ltr'><strong>et</strong></span> <span class='ocrx_word' id='word_1_316' title='bbox 431 3928 481 3994; x_wconf 87' lang='lat' dir='ltr'><strong>sic</strong></span> <span class='ocrx_word' id='word_1_317' title='bbox 503 3948 610 4018; x_wconf 88' lang='lat' dir='ltr'><strong>porro,</strong></span> <span class='ocrx_word' id='word_1_318' title='bbox 624 3928 678 3995; x_wconf 83' lang='lat' dir='ltr'><strong>vel</strong></span> <span class='ocrx_word' id='word_1_319' title='bbox 693 3929 779 4017; x_wconf 91' lang='lat' dir='ltr'><strong>quod</strong></span> <span class='ocrx_word' id='word_1_320' title='bbox 791 3931 843 3998; x_wconf 89' lang='lat' dir='ltr'><strong>leo</strong></span> <span class='ocrx_word' id='word_1_321' title='bbox 856 3949 917 4017; x_wconf 91' lang='lat' dir='ltr'><strong>per</strong></span> <span class='ocrx_word' id='word_1_322' title='bbox 929 3929 1139 3996; x_wconf 87' lang='lat' dir='ltr'><strong>dialectorum</strong></span> <span class='ocrx_word' id='word_1_323' title='bbox 1150 3927 1346 3995; x_wconf 87' lang='lat' dir='ltr'><strong>varietatem</strong></span> <span class='ocrx_word' id='word_1_324' title='bbox 1361 3945 1424 3992; x_wconf 90' lang='lat' dir='ltr'><strong>non</strong></span> <span class='ocrx_word' id='word_1_325' title='bbox 1437 3926 1540 3994; x_wconf 90' lang='lat' dir='ltr'><strong>solum</strong></span> <span class='ocrx_word' id='word_1_326' title='bbox 1562 3913 1695 4011; x_wconf 71' lang='lat' dir='ltr'><strong>dabor,</strong></span> <span class='ocrx_word' id='word_1_327' title='bbox 1719 3928 1788 4012; x_wconf 61' lang='lat' dir='ltr'><strong>scd,</strong></span> <span class='ocrx_word' id='word_1_328' title='bbox 1810 3935 1918 4013; x_wconf 89' lang='lat' dir='ltr'><strong>eliam,</strong></span> 
     </span>
    </p>
   </div>
   <div class='ocr_carea' id='block_1_3' title="bbox 140 4031 1918 4138">
    <p class='ocr_par' dir='ltr' id='par_1_4' title="bbox 140 4031 1918 4138">
     <span class='ocr_line' id='line_1_30' title="bbox 140 4031 1918 4138; baseline 0.001 -23"><span class='ocrx_word' id='word_1_329' title='bbox 140 4047 231 4137; x_wconf 88' lang='lat' dir='ltr'><strong>quod</strong></span> <span class='ocrx_word' id='word_1_330' title='bbox 250 4046 379 4114; x_wconf 74' lang='lat' dir='ltr'><strong>Leonica</strong></span> <span class='ocrx_word' id='word_1_331' title='bbox 399 4051 533 4135; x_wconf 83' lang='lat' dir='ltr'><strong>nogant,</strong></span> <span class='ocrx_word' id='word_1_332' title='bbox 560 4031 678 4138; x_wconf 72' lang='lat' dir='ltr'><strong>pallet</strong></span> <span class='ocrx_word' id='word_1_333' title='bbox 702 4055 841 4116; x_wconf 85' lang='lat' dir='ltr'><strong>vocatus</strong></span> <span class='ocrx_word' id='word_1_334' title='bbox 868 4047 976 4114; x_wconf 85' lang='lat' dir='ltr'><strong>luerit.</strong></span> <span class='ocrx_word' id='word_1_335' title='bbox 1027 4045 1158 4113; x_wconf 89' lang='lat' dir='ltr'><strong>Nemini</strong></span> <span class='ocrx_word' id='word_1_336' title='bbox 1179 4061 1261 4112; x_wconf 89' lang='lat' dir='ltr'><strong>vero</strong></span> <span class='ocrx_word' id='word_1_337' title='bbox 1283 4043 1379 4110; x_wconf 83' lang='lat' dir='ltr'><strong>tache</strong></span> <span class='ocrx_word' id='word_1_338' title='bbox 1400 4043 1658 4131; x_wconf 89' lang='lat' dir='ltr'><strong>persuadebitur,</strong></span> <span class='ocrx_word' id='word_1_339' title='bbox 1685 4066 1780 4132; x_wconf 86' lang='lat' dir='ltr'><strong>quum</strong></span> <span class='ocrx_word' id='word_1_340' title='bbox 1800 4048 1918 4122; x_wconf 86' lang='lat' dir='ltr'><strong>iisdem</strong></span> 
     </span>
    </p>
   </div>
   <div class='ocr_carea' id='block_1_4' title="bbox 141 4241 346 4259">
    <p class='ocr_par' dir='ltr' id='par_1_5' title="bbox 141 4241 346 4259">
     <span class='ocr_line' id='line_1_31' title="bbox 141 4241 346 4259; baseline 0 -1"><span class='ocrx_word' id='word_1_341' title='bbox 141 4241 346 4259; x_wconf 63' lang='grc' dir='ltr'><strong>..ι-ι--Π</strong></span> 
     </span>
    </p>
   </div>
   <div class='ocr_carea' id='block_1_5' title="bbox 143 4369 1918 4964">
    <p class='ocr_par' dir='ltr' id='par_1_6' title="bbox 143 4369 1918 4854">
     <span class='ocr_line' id='line_1_32' title="bbox 143 4369 1916 4451; baseline 0.002 -17"><span class='ocrx_word' id='word_1_342' title='bbox 143 4376 210 4434; x_wconf 86' lang='lat' dir='ltr'><strong>Lib.</strong></span> <span class='ocrx_word' id='word_1_343' title='bbox 237 4375 276 4432; x_wconf 91' lang='lat'><strong>11.</strong></span> <span class='ocrx_word' id='word_1_344' title='bbox 299 4389 326 4446; x_wconf 88' lang='lat' dir='ltr'><strong>p.</strong></span> <span class='ocrx_word' id='word_1_345' title='bbox 347 4369 398 4427; x_wconf 81' lang='grc'><strong>39.</strong></span> <span class='ocrx_word' id='word_1_346' title='bbox 419 4372 465 4430; x_wconf 89' lang='lat' dir='ltr'><strong>ed.</strong></span> <span class='ocrx_word' id='word_1_347' title='bbox 487 4373 561 4449; x_wconf 77' lang='lat' dir='ltr'><strong>Vig.</strong></span> <span class='ocrx_word' id='word_1_348' title='bbox 587 4370 661 4444; x_wconf 82' lang='grc' dir='ltr'><strong>Θεος</strong></span> <span class='ocrx_word' id='word_1_349' title='bbox 687 4375 820 4444; x_wconf 77' lang='lat' dir='ltr'><strong>Tuaouoc</strong></span> <span class='ocrx_word' id='word_1_350' title='bbox 839 4403 881 4417; x_wconf 88' lang='lat'><strong>--</strong></span> <span class='ocrx_word' id='word_1_351' title='bbox 902 4373 1073 4434; x_wconf 73' lang='lat' dir='ltr'><strong>draconmurr</strong></span> <span class='ocrx_word' id='word_1_352' title='bbox 1092 4391 1160 4444; x_wconf 72' lang='grc' dir='ltr'><strong>τους</strong></span> <span class='ocrx_word' id='word_1_353' title='bbox 1185 4376 1277 4451; x_wconf 73' lang='grc' dir='ltr'><strong><em>Ιερους</em></strong></span> <span class='ocrx_word' id='word_1_354' title='bbox 1303 4391 1359 4431; x_wconf 76' lang='grc' dir='ltr'><strong>των</strong></span> <span class='ocrx_word' id='word_1_355' title='bbox 1387 4389 1533 4450; x_wconf 72' lang='lat' dir='ltr'><strong>usurpator</strong></span> <span class='ocrx_word' id='word_1_356' title='bbox 1558 4390 1741 4450; x_wconf 67' lang='lat' dir='ltr'><strong>yapmreppue</strong></span> <span class='ocrx_word' id='word_1_357' title='bbox 1760 4401 1803 4417; x_wconf 89' lang='lat'><em>-</em></span> <span class='ocrx_word' id='word_1_358' title='bbox 1824 4393 1916 4437; x_wconf 75' lang='lat' dir='ltr'><strong>eavea</strong></span> 
     </span>
     <span class='ocr_line' id='line_1_33' title="bbox 146 4467 1917 4553; baseline 0.001 -20"><span class='ocrx_word' id='word_1_359' title='bbox 146 4494 242 4533; x_wconf 77' lang='lat' dir='ltr'><strong>nerra</strong></span> <span class='ocrx_word' id='word_1_360' title='bbox 263 4468 279 4533; x_wconf 86' lang='grc' dir='ltr'>ὁ</span> <span class='ocrx_word' id='word_1_361' title='bbox 307 4469 455 4550; x_wconf 68' lang='lat' dir='ltr'><strong>&amp;epicoena</strong></span> <span class='ocrx_word' id='word_1_362' title='bbox 475 4495 552 4548; x_wconf 76' lang='grc' dir='ltr'><strong><em>παις,</em></strong></span> <span class='ocrx_word' id='word_1_363' title='bbox 574 4495 689 4552; x_wconf 73' lang='grc' dir='ltr'><em>ηρωτος</em></span> <span class='ocrx_word' id='word_1_364' title='bbox 709 4495 767 4534; x_wconf 74' lang='lat' dir='ltr'><strong>rosv</strong></span> <span class='ocrx_word' id='word_1_365' title='bbox 787 4469 838 4534; x_wconf 79' lang='grc' dir='ltr'><strong>ἀπ’</strong></span> <span class='ocrx_word' id='word_1_366' title='bbox 860 4475 964 4545; x_wconf 70' lang='lat' dir='ltr'><strong>aimone</strong></span> <span class='ocrx_word' id='word_1_367' title='bbox 983 4493 1136 4553; x_wconf 78' lang='lat' dir='ltr'><strong>yeporoaoor</strong></span> <span class='ocrx_word' id='word_1_368' title='bbox 1159 4473 1299 4534; x_wconf 66' lang='lat' dir='ltr'><strong>moereas</strong></span> <span class='ocrx_word' id='word_1_369' title='bbox 1319 4475 1487 4550; x_wconf 69' lang='lat' dir='ltr'><strong>irpopunpc</strong></span> <span class='ocrx_word' id='word_1_370' title='bbox 1507 4467 1713 4550; x_wconf 75' lang='grc' dir='ltr'><strong>ἀλληγορησας,</strong></span> <span class='ocrx_word' id='word_1_371' title='bbox 1734 4493 1794 4546; x_wconf 71' lang='grc' dir='ltr'><strong>τοις</strong></span> <span class='ocrx_word' id='word_1_372' title='bbox 1814 4475 1917 4552; x_wconf 77' lang='lat' dir='ltr'><strong>depo·</strong></span> 
     </span>
     <span class='ocr_line' id='line_1_34' title="bbox 148 4568 1918 4653; baseline 0.002 -21"><span class='ocrx_word' id='word_1_373' title='bbox 148 4592 235 4644; x_wconf 76' lang='lat' dir='ltr'><strong>oomrc</strong></span> <span class='ocrx_word' id='word_1_374' title='bbox 259 4593 308 4632; x_wconf 79' lang='grc' dir='ltr'><strong>και</strong></span> <span class='ocrx_word' id='word_1_375' title='bbox 332 4591 477 4651; x_wconf 69' lang='lat' dir='ltr'><strong>cooperor,-</strong></span> <span class='ocrx_word' id='word_1_376' title='bbox 505 4579 633 4634; x_wconf 75' lang='lat' dir='ltr'><strong>nabebo</strong></span> <span class='ocrx_word' id='word_1_377' title='bbox 669 4570 826 4653; x_wconf 68' lang='grc' dir='ltr'><strong><em>ἆναμυξας,</em></strong></span> <span class='ocrx_word' id='word_1_378' title='bbox 855 4575 1002 4652; x_wconf 75' lang='lat' dir='ltr'><strong>stapedum</strong></span> <span class='ocrx_word' id='word_1_379' title='bbox 1033 4593 1093 4644; x_wconf 69' lang='lat' dir='ltr'><strong>sore</strong></span> <span class='ocrx_word' id='word_1_380' title='bbox 1113 4568 1232 4652; x_wconf 72' lang='lat' dir='ltr'><strong>lipposos</strong></span> <span class='ocrx_word' id='word_1_381' title='bbox 1252 4593 1302 4632; x_wconf 80' lang='grc' dir='ltr'><strong>και</strong></span> <span class='ocrx_word' id='word_1_382' title='bbox 1322 4571 1442 4632; x_wconf 76' lang='lat' dir='ltr'><strong>aeleram</strong></span> <span class='ocrx_word' id='word_1_383' title='bbox 1471 4592 1647 4652; x_wconf 74' lang='lat' dir='ltr'><strong>mrapyovot</strong></span> <span class='ocrx_word' id='word_1_384' title='bbox 1667 4589 1838 4652; x_wconf 70' lang='lat' dir='ltr'><strong>upopprarc.</strong></span> <span class='ocrx_word' id='word_1_385' title='bbox 1880 4575 1918 4635; x_wconf 87' lang='lat' dir='ltr'><strong>ot</strong></span> 
     </span>
     <span class='ocr_line' id='line_1_35' title="bbox 147 4668 1913 4752; baseline 0.001 -21"><span class='ocrx_word' id='word_1_386' title='bbox 147 4673 180 4731; x_wconf 83' lang='lat' dir='ltr'><strong>de</strong></span> <span class='ocrx_word' id='word_1_387' title='bbox 201 4692 261 4734; x_wconf 76' lang='lat' dir='ltr'><strong>sor</strong></span> <span class='ocrx_word' id='word_1_388' title='bbox 292 4675 415 4750; x_wconf 75' lang='lat' dir='ltr'><strong>Topos</strong></span> <span class='ocrx_word' id='word_1_389' title='bbox 442 4668 568 4745; x_wconf 71' lang='grc' dir='ltr'><strong>αὔξειν</strong></span> <span class='ocrx_word' id='word_1_390' title='bbox 596 4676 634 4733; x_wconf 79' lang='grc' dir='ltr'><strong>ἐκ</strong></span> <span class='ocrx_word' id='word_1_391' title='bbox 660 4695 800 4745; x_wconf 71' lang='lat' dir='ltr'><strong>nasone</strong></span> <span class='ocrx_word' id='word_1_392' title='bbox 828 4677 1002 4743; x_wconf 75' lang='lat' dir='ltr'><strong>durrooonea</strong></span> <span class='ocrx_word' id='word_1_393' title='bbox 1023 4692 1083 4744; x_wconf 72' lang='lat' dir='ltr'><strong>rote</strong></span> <span class='ocrx_word' id='word_1_394' title='bbox 1103 4669 1199 4733; x_wconf 74' lang='lat' dir='ltr'><strong>uincor</strong></span> <span class='ocrx_word' id='word_1_395' title='bbox 1219 4673 1360 4752; x_wconf 69' lang='lat' dir='ltr'><strong>dmdoyorc</strong></span> <span class='ocrx_word' id='word_1_396' title='bbox 1387 4672 1560 4750; x_wconf 80' lang='lat' dir='ltr'><strong>napadmuour</strong></span> <span class='ocrx_word' id='word_1_397' title='bbox 1586 4690 1635 4730; x_wconf 80' lang='lat' dir='ltr'><strong>aar</strong></span> <span class='ocrx_word' id='word_1_398' title='bbox 1663 4691 1722 4742; x_wconf 66' lang='lat' dir='ltr'><strong>ror,⁸</strong></span> <span class='ocrx_word' id='word_1_399' title='bbox 1743 4675 1913 4743; x_wconf 69' lang='lat' dir='ltr'><strong>intumum,</strong></span> 
     </span>
     <span class='ocr_line' id='line_1_36' title="bbox 146 4766 1846 4854; baseline -0.001 -24"><span class='ocrx_word' id='word_1_400' title='bbox 146 4766 189 4830; x_wconf 75' lang='lat' dir='ltr'><strong>air</strong></span> <span class='ocrx_word' id='word_1_401' title='bbox 210 4773 249 4840; x_wconf 76' lang='lat' dir='ltr'><strong>sie</strong></span> <span class='ocrx_word' id='word_1_402' title='bbox 267 4767 302 4848; x_wconf 78' lang='lat' dir='ltr'><strong>aio</strong></span> <span class='ocrx_word' id='word_1_403' title='bbox 322 4767 426 4851; x_wconf 73' lang='grc' dir='ltr'><strong><em>Ἰσιρις,</em></strong></span> <span class='ocrx_word' id='word_1_404' title='bbox 449 4791 506 4833; x_wconf 76' lang='lat' dir='ltr'><strong>aare</strong></span> <span class='ocrx_word' id='word_1_405' title='bbox 526 4793 612 4854; x_wconf 75' lang='lat' dir='ltr'><strong>epum</strong></span> <span class='ocrx_word' id='word_1_406' title='bbox 632 4795 807 4854; x_wconf 76' lang='lat' dir='ltr'><strong>ypappusmo</strong></span> <span class='ocrx_word' id='word_1_407' title='bbox 827 4769 952 4854; x_wconf 73' lang='grc' dir='ltr'><strong>εὖρετης,</strong></span> <span class='ocrx_word' id='word_1_408' title='bbox 975 4770 1099 4850; x_wconf 77' lang='lat' dir='ltr'><strong>ridel.ro</strong></span> <span class='ocrx_word' id='word_1_409' title='bbox 1121 4775 1262 4845; x_wconf 79' lang='lat' dir='ltr'><strong>Xru,roo</strong></span> <span class='ocrx_word' id='word_1_410' title='bbox 1282 4792 1399 4853; x_wconf 79' lang='lat' dir='ltr'><strong>npooroo</strong></span> <span class='ocrx_word' id='word_1_411' title='bbox 1418 4775 1686 4851; x_wconf 70' lang='lat' dir='ltr'><strong>peooroprwllmoc</strong></span> <span class='ocrx_word' id='word_1_412' title='bbox 1708 4773 1846 4841; x_wconf 67' lang='grc' dir='ltr'><strong>Ψοιναος.</strong></span> 
     </span>
    </p>

    <p class='ocr_par' dir='ltr' id='par_1_7' title="bbox 300 4885 1915 4964">
     <span class='ocr_line' id='line_1_37' title="bbox 300 4885 1915 4964; baseline 0.002 -22"><span class='ocrx_word' id='word_1_413' title='bbox 300 4885 336 4961; x_wconf 82' lang='lat' dir='ltr'><strong>b)</strong></span> <span class='ocrx_word' id='word_1_414' title='bbox 358 4891 468 4953; x_wconf 82' lang='lat' dir='ltr'><strong>strom.</strong></span> <span class='ocrx_word' id='word_1_415' title='bbox 490 4891 530 4952; x_wconf 82' lang='lat' dir='ltr'><strong>V.</strong></span> <span class='ocrx_word' id='word_1_416' title='bbox 550 4887 581 4948; x_wconf 75' lang='lat' dir='ltr'><strong>d.</strong></span> <span class='ocrx_word' id='word_1_417' title='bbox 604 4891 675 4950; x_wconf 79' lang='lat' dir='ltr'><strong>coll.</strong></span> <span class='ocrx_word' id='word_1_418' title='bbox 688 4892 842 4950; x_wconf 79' lang='lat' dir='ltr'><strong>Latronne</strong></span> <span class='ocrx_word' id='word_1_419' title='bbox 862 4891 893 4949; x_wconf 89' lang='lat' dir='ltr'><strong>la</strong></span> <span class='ocrx_word' id='word_1_420' title='bbox 915 4890 1119 4964; x_wconf 81' lang='lat' dir='ltr'><strong>champollion</strong></span> <span class='ocrx_word' id='word_1_421' title='bbox 1140 4885 1242 4950; x_wconf 76' lang='lat' dir='ltr'><strong>Prdois</strong></span> <span class='ocrx_word' id='word_1_422' title='bbox 1267 4907 1297 4963; x_wconf 91' lang='lat' dir='ltr'><strong>p.</strong></span> <span class='ocrx_word' id='word_1_423' title='bbox 1320 4887 1394 4950; x_wconf 79' lang='grc'><strong>378.</strong></span> <span class='ocrx_word' id='word_1_424' title='bbox 1419 4894 1449 4949; x_wconf 88' lang='lat' dir='ltr'><strong>et</strong></span> <span class='ocrx_word' id='word_1_425' title='bbox 1467 4891 1595 4950; x_wconf 80' lang='lat' dir='ltr'><strong>Weiske</strong></span> <span class='ocrx_word' id='word_1_426' title='bbox 1617 4887 1650 4947; x_wconf 93' lang='lat' dir='ltr'><strong>ln</strong></span> <span class='ocrx_word' id='word_1_427' title='bbox 1673 4887 1822 4960; x_wconf 82' lang='lat' dir='ltr'><strong>seyuarth</strong></span> <span class='ocrx_word' id='word_1_428' title='bbox 1847 4887 1915 4946; x_wconf 81' lang='lat' dir='ltr'><strong>llu-</strong></span> 
     </span>
    </p>
   </div>
   <div class='ocr_carea' id='block_1_6' title="bbox 146 4983 1584 5150">
    <p class='ocr_par' dir='ltr' id='par_1_8' title="bbox 146 4983 1584 5150">
     <span class='ocr_line' id='line_1_38' title="bbox 146 4983 407 5072; baseline -0.019 -24"><span class='ocrx_word' id='word_1_429' title='bbox 146 4989 277 5048; x_wconf 86' lang='lat' dir='ltr'><strong>dlments</strong></span> <span class='ocrx_word' id='word_1_430' title='bbox 295 5002 324 5060; x_wconf 87' lang='lat' dir='ltr'><strong>p.</strong></span> <span class='ocrx_word' id='word_1_431' title='bbox 344 4983 407 5072; x_wconf 72' lang='lat' dir='ltr'><strong>lb.¹</strong></span> 
     </span>
     <span class='ocr_line' id='line_1_39' title="bbox 1536 5083 1584 5150; baseline 0 -15"><span class='ocrx_word' id='word_1_432' title='bbox 1536 5083 1584 5150; x_wconf 68' lang='grc' dir='ltr'>μ</span> 
     </span>
    </p>
   </div>
   <div class='ocr_carea' id='block_1_7' title="bbox 0 0 2392 6102">
    <p class='ocr_par' dir='ltr' id='par_1_9' title="bbox 0 0 2392 6102">
     <span class='ocr_line' id='line_1_40' title="bbox 0 0 2392 6102; baseline 0 0"><span class='ocrx_word' id='word_1_433' title='bbox 0 0 2392 6102; x_wconf 95' lang='lat' dir='ltr'><strong> </strong></span> 
     </span>
    </p>
   </div>
  </div>
 </body>
</html>
