4796 6106
907 597 1156 676 ..95-

145 809 212 876 lam
234 825 305 874 clun
326 805 481 874 viderent
501 803 588 871 hauc
608 801 815 888 scriptoram,
833 819 897 886 qua
918 800 1022 868 solum
1042 797 1360 866 Achaemenidarum
1379 815 1497 868 nomen
1518 797 1680 884 integrum
1699 817 1832 868 versum
1846 819 1910 868 ex-

144 925 228 1013 plet,
256 924 352 990 nimis
379 921 537 1008 temporis
567 926 603 988 et
631 920 730 1006 spatii
757 919 944 1006 requirere,
974 919 1171 986 inuenerunt
1199 915 1350 1004 similem,
1378 933 1443 1002 qua
1463 933 1629 984 consonae
1650 935 1721 986 cum
1743 918 1911 986 vocalibus

144 1037 512 1127 conprehenderentur,
533 1038 672 1123 denique
693 1037 824 1103 tertiam
845 1037 944 1121 vulgo
966 1037 1141 1123 Assyriam
1162 1035 1299 1121 dictam,
1318 1033 1417 1100 molto
1439 1033 1629 1121 curtiorem,
1655 1053 1819 1103 consonus
1839 1053 1911 1102 cum
2051 1115 2068 1128 ι

142 1157 299 1224 consonis
320 1157 575 1242 coniungentcm.
619 1153 693 1227 Qua
714 1155 747 1218 in
769 1172 806 1220 re
827 1155 1029 1222 retinuerunt
1048 1155 1193 1221 lodicam
1214 1153 1380 1218 literarum
1400 1151 1434 1216 in
1452 1151 1581 1218 classes
1602 1151 1804 1219 diuisionem.
1825 1152 1912 1219 Hinc

143 1293 269 1342 cuneos
296 1291 422 1358 qaoque
449 1273 536 1340 iuter
562 1271 645 1340 duos
672 1271 789 1338 literas
814 1288 915 1357 pares
940 1272 1176 1358 neglexerunt,
1196 1288 1259 1356 quo
1280 1268 1375 1355 plura
1395 1275 1535 1354 possent
1554 1287 1620 1334 vno
1642 1269 1675 1334 in
1698 1289 1800 1337 versu
1821 1287 1912 1338 com-

143 1390 353 1477 prehendere
372 1389 543 1456 vocabulo.

294 1505 370 1572 llae
391 1512 468 1572 sunt
488 1505 585 1592 leges
607 1503 796 1592 primariae,
815 1523 897 1589 quas
918 1503 1023 1570 secuti
1043 1521 1154 1568 sumus
1173 1501 1207 1568 in
1229 1501 1435 1569 vocabulario
1456 1501 1655 1568 cuneolormi
1676 1501 1823 1584 Persico,
1837 1501 1914 1570 ble-

142 1623 217 1690 dico
238 1627 274 1689 et
294 1624 437 1709 Assyrio
457 1619 662 1707 instruendo,
680 1621 766 1688 intra
788 1623 906 1706 posito.
992 1617 1064 1701 Quo
1086 1618 1129 1686 ad
1149 1619 1279 1706 linguas
1300 1619 1545 1708 inscriptionum
1565 1618 1660 1686 huius
1680 1621 1814 1705 generis
1835 1638 1913 1688 eru-

141 1741 248 1810 endas
268 1739 389 1826 aliqn'al
410 1739 552 1808 conferri
572 1757 673 1824 posse
694 1757 875 1824 speramus.

815 2090 1248 2178 Corollariorn.

295 2288 390 2364 Quod
413 2295 612 2374 compertum
627 2295 681 2356 est
701 2287 974 2355 lucubrationibus
1000 2288 1123 2353 nostris
1144 2287 1185 2352 de
1204 2288 1379 2375 alphabeto
1401 2286 1541 2372 genuino
1560 2288 1798 2375 Aegyptiorum
1815 2293 1914 2374 atquc

142 2389 462 2474 Asianorum'literis
485 2404 762 2492 Hieroglyphicis‚
776 2379 945 2492 Zendicis,
957 2403 1137 2492 Pehluiois,
1154 2403 1368 2472 Sanscriticis
1386 2408 1484 2490 atque
1497 2405 1683 2492 Persarum,
1700 2405 1869 2472 Medorum
1881 2407 1916 2469 et

140 2525 355 2611 Assyriorum
367 2522 622 2590 cuneolormibus
635 2522 801 2612 subiecto,
816 2520 850 2585 id
863 2540 928 2587 non
939 2520 1049 2606 exigui
1060 2523 1211 2588 momenti
1225 2528 1278 2587 est
1291 2522 1334 2587 od
1348 2522 1595 2589 confirmandam
1610 2530 1755 2590 nostram
1769 2520 1811 2587 de
1825 2540 1916 2588 com·

141 2643 230 2709 muni
243 2641 381 2708 omnium
394 2638 640 2725 alphabetorum
650 2640 775 2724 origine
787 2638 994 2726 sententiam,
1011 2658 1104 2726 quam
1118 2657 1221 2725 nuper
1235 2639 1362 2726 publice
1376 2641 1600 2727 proposuimus
1608 2635 1657 2731 ²).
1709 2641 1916 2725 Compertum

142 2765 200 2826 est
215 2757 300 2823 enim
310 2753 355 2841 id,
364 2753 461 2838 signa
468 2755 703 2840 Aegyptiorum
714 2754 960 2840 hieroglyphice
971 2775 1033 2822 non
1041 2774 1119 2822 esse
1132 2755 1307 2842 alphabeto
1315 2757 1501 2848 anteriora,
1515 2754 1588 2844 sed,
1600 2756 1686 2842 quod
1700 2756 1842 2842 ipsorum
1855 2774 1917 2820 nu-

142 2872 227 2938 meri
235 2870 606 2956 testantur,posterioru,
619 2870 738 2954 quippe
746 2869 919 2954 alphabeto
932 2870 1065 2937 hrndata
1076 2870 1202 2958 eodem,
1215 2873 1300 2958 quod
1308 2871 1744 2960 Chaldaicum,llebruicum,
1756 2871 1918 2939 Graecum

142 2988 277 3075 aliaque
297 2985 479 3072 progenuit.
543 2984 626 3050 ltem
647 2984 811 3074 vidimus,
830 2985 945 3052 literas
967 3003 1094 3071 quoque
1115 2987 1352 3075 cuneolormes,
1372 2988 1557 3074 Zendicus,
1578 2988 1762 3070 Pehluicas‚
1784 2986 1916 3052 Indicas

143 3103 262 3172 eodem
288 3102 347 3169 niti
377 3098 431 3167 25
456 3100 625 3168 literarum
652 3100 838 3189 alphabeto,
865 3119 1000 3188 quocum
1020 3101 1097 3168 illae
1118 3101 1276 3190 ordinem,
1297 3105 1597 3190 pronunciationem
1617 3109 1716 3190 atque
1737 3103 1855 3188 partim
1875 3099 1917 3166 fi-

140 3237 244 3307 guras
257 3218 399 3287 habeant
414 3219 603 3286 eommunia.
667 3217 780 3284 lllultis
793 3236 875 3284 sane
889 3237 1008 3285 nouum
1025 3226 1124 3304 atque
1139 3219 1317 3284 inauditum
1329 3219 1433 3286 visum
1453 3220 1567 3307 luerit,
1588 3220 1674 3308 quod
1695 3217 1919 3287 contendimus

143 3335 285 3402 omnium
304 3337 448 3421 gentium
468 3335 585 3402 literas
606 3334 762 3402 communi
790 3353 835 3401 ex
856 3335 947 3401 sonte
967 3335 1132 3419 prodiisse
1152 3341 1251 3422 atque
1277 3335 1457 3402 Noaohidis
1478 3335 1561 3422 ipsis
1582 3337 1703 3404 deberi.
1767 3334 1920 3402 Nondum

141 3451 231 3518 enim
252 3448 505 3518 demonstratum
526 3455 609 3540 erat,
629 3451 748 3535 partim
768 3452 963 3536 scripturam
976 3451 1265 3539 hieroglyphicam,
1280 3473 1375 3538 quam
1388 3454 1562 3518 etiamnum
1572 3454 1723 3540 permulti
1743 3472 1802 3540 pro
1816 3453 1918 3538 prima

139 3587 183 3636 ao
212 3570 354 3654 genuina
383 3568 523 3656 hahent,
553 3587 596 3634 ex
617 3568 821 3654 alphabetico
847 3566 1032 3658 prodiisse3
1064 3569 1183 3652 partim
1204 3572 1253 3632 tol
1273 3569 1419 3652 gentium
1440 3569 1556 3634 literas
1584 3569 1759 3636 Hebraicis
1779 3569 1919 3634 maxime

140 3685 336 3772 dissimiles,
356 3685 539 3752 arctissime
560 3703 632 3750 eum
653 3683 829 3750 Hebraicis
850 3684 1001 3768 genuinis
1025 3681 1215 3751 cohaerere.
1278 3685 1349 3752 lam
1380 3703 1452 3751 oum
1483 3687 1621 3751 omnium
1643 3685 1712 3752 lere
1733 3685 1920 3776 populorum

139 3809 246 3888 atque
270 3808 430 3868 terrarum
448 3807 518 3868 toto
539 3803 634 3888 quasi
656 3801 749 3868 coelo
770 3801 858 3867 inter
878 3818 917 3867 se
938 3800 1129 3868 distantium
1157 3800 1273 3866 literae
1301 3809 1476 3868 cernantur
1502 3821 1653 3890 numero,
1676 3803 1800 3891 ordine,
1820 3808 1918 3888 pote-

140 3923 237 3986 state
258 3935 300 3983 ac
322 3916 425 4000 ligura
453 3917 539 3982 iuter
560 3936 600 3984 se
630 3917 838 4008 consentire,
868 3917 966 3983 tande
992 3917 1103 3984 multis
1129 3915 1398 4004 persuadebitur,
1432 3919 1640 4004 alphabetum
1668 3926 1813 3988 nostrum
1838 3936 1920 3985 vere

140 4038 257 4102 aetate
281 4031 391 4098 diluuii
411 4032 577 4097 inuentum
601 4033 714 4098 luisse.

299 4147 427 4214 luuabit
448 4146 603 4214 hocloco
624 4148 766 4215 breuiter
786 4153 940 4234 repetere
960 4153 1165 4235 argumento,
1187 4148 1302 4234 quibos
1324 4156 1390 4216 tum
1419 4151 1617 4218 senteutiam
1637 4157 1783 4219 nostram
1804 4151 1919 4218 lulcire

145 4266 342 4350 studuimus,
361 4264 556 4352 praesertim
578 4283 649 4332 oum
670 4264 808 4332 subinde
829 4283 915 4334 noua
941 4271 1089 4332 veterum
1118 4267 1304 4333 testimonio
1332 4286 1480 4354 nouaque
1506 4275 1697 4354 argumenta
1723 4287 1800 4336 sese
1824 4268 1920 4336 nobis

147 4383 333 4452 obtulerint

304 4494 351 4589 1)
372 4498 472 4586 Apud
506 4517 619 4567 omnes
647 4498 717 4565 lere
742 4501 894 4568 notiones
923 4499 1056 4569 traditio
1077 4506 1142 4588 est,
1162 4499 1370 4587 alphabetum
1390 4506 1502 4569 aetate
1523 4502 1634 4570 diluuii
1653 4503 1821 4570 inuentum
1841 4521 1919 4570 esse

149 4615 207 4682 vel
228 4621 438 4702 propagatum
460 4634 483 4682 a
502 4615 576 4682 viro
597 4615 665 4702 illo,
686 4617 740 4703 qui
762 4616 873 4684 saluus
894 4636 915 4684 e
936 4617 1055 4686 diluuio
1077 4619 1231 4687 euaserit
1273 4619 1370 4685 Licet
1391 4618 1473 4686 haec
1495 4637 1636 4705 persona
1656 4621 1759 4688 variis
1781 4620 1919 4688 nomini·

151 4790 352 4803 m

302 4899 340 4975 2)
361 4903 431 4963 vid
450 4905 568 4964 Fascio.
588 4907 642 4964 VI.
664 4906 755 4964 huius
775 4906 872 4978 opeda
892 4907 976 4981 Llps.
997 4905 1089 4964 18³5.
1140 4908 1240 4967 [lusor
1258 4905 1411 4980 Alpbobet
1432 4909 1482 4968 oin
1503 4909 1616 4971 Ahblld
1635 4909 1688 4966 des
1709 4906 1916 4966 whlerkreises

150 5002 205 5060 mlt
227 5000 281 5060 der
302 5003 514 5063 Constellatlon
536 5006 589 5064 der
610 5006 631 5061 7
651 5008 799 5066 Planeteo
817 5023 885 5066 vom
907 5007 936 5066 7.
956 5011 1040 5082 Sept.
1061 5009 1090 5067 d.
1110 5011 1140 5068 J.
1160 5005 1254 5065 atto.
1274 5023 1304 5066 v.
1325 5011 1380 5068 ch.
1400 5015 1458 5068 oct
