4774 6104
900 572 1153 650 ..23-

291 771 401 841 Primo
422 772 551 863 quidem
571 770 667 840 alicui
687 770 721 838 in
741 778 879 841 mentem
900 772 1027 864 veniet,
1046 792 1200 842 numeros
1220 776 1407 864 Aegyptios
1429 795 1507 845 esse
1528 778 1626 866 signa
1652 782 1841 871 arbitraria,
1863 787 1917 853 ln-

133 893 212 956 star
231 897 425 958 nostrorum.
470 890 592 978 Vtique
613 888 695 958 talia
714 891 919 977 reperiuntur
938 893 1023 979 apud
1037 890 1212 984 Sirenses,
1223 893 1428 985 illexicanos,
1444 897 1590 985 aliosque
1601 893 1666 990 ⁴¹).
1710 901 1912 987 Argumento

131 1025 250 1092 aneni
269 1025 387 1115 possit,
408 1025 495 1114 qnod
524 1025 771 1112 hieroglyphice
796 1033 989 1114 repetnnlm
1016 1026 1025 1116 Ι
1046 1027 1080 1118 Π
1100 988 1129 1114 7
1150 974 1185 1115 1
1204 1032 1249 1098 ad
1279 1029 1512 1115 significandos
1540 1053 1692 1101 numeros
1723 1037 1865 1102 numeris
1889 1038 1907 1101 1

130 1147 171 1208 et
198 1141 264 1233 10,
287 1143 337 1210 10
360 1150 395 1212 01
419 1141 508 1232 100,
532 1142 609 1210 100
632 1147 668 1210 ct
692 1142 797 1210 1000
819 1144 1011 1214 interiectos
1032 1149 1137 1216 etsie
1158 1167 1263 1234 porro.
1308 1145 1380 1230 Quo
1401 1168 1515 1236 parum
1535 1150 1737 1237 probaretur.
1780 1150 1913 1220 Etenim

130 1258 298 1330 hieratice
315 1266 351 1329 et
371 1260 532 1329 demotice
553 1261 731 1350 singularia
751 1261 847 1349 signa
868 1263 1062 1333 adhibentur
1081 1285 1140 1353 pro
1162 1267 1304 1333 numeris
1326 1263 1591 1356 hieroglyphicis,
1611 1268 1778 1357 simplices
1805 1272 1914 1339 conti-

130 1377 303 1446 nentibus.
331 1379 442 1467 Atque
457 1377 541 1446 baec
554 1379 650 1465 signa
663 1380 907 1468 incomparata
927 1389 1014 1471 sunt,
1036 1389 1075 1450 vt
1095 1401 1189 1450 nemo
1202 1385 1276 1471 ipsa
1291 1384 1412 1451 dixerit
1433 1384 1616 1474 arbitraria,
1636 1385 1692 1453 vel
1712 1386 1914 1474 simplicibus

129 1498 332 1566 constantia
352 1497 473 1565 veluti:
483 1473 550 1586 Μ,
570 1476 623 1585 ui,
637 1476 705 1584 ml,
720 1487 762 1588 ll,
777 1475 916 1587 mimia
931 1460 1135 1589 Qreliqua.
1158 1501 1225 1569 lrno
1241 1521 1337 1589 quum
1348 1502 1438 1569 multi
1449 1503 1572 1570 numeri
1582 1503 1817 1591 Aegyptiorum
1832 1522 1915 1572 vere

130 1631 206 1698 sint
226 1631 401 1721 arbitrarii,
421 1650 488 1700 non
509 1631 720 1718 verosignal
742 1632 777 1720 sl
797 1581 873 1721 71
895 1641 994 1723 atquc
1021 1635 1180 1704 hieratica
1208 1636 1432 1725 demoticaque
1454 1637 1601 1723 vulgaria
1621 1638 1663 1706 ab
1692 1605 1913 1726 lvsqueadff

130 1745 340 1842 (10000),
361 1749 439 1818 inde
460 1749 609 1836 seqnitur
628 1749 749 1840 potius,
769 1771 921 1820 numeros
945 1754 1182 1842 Acgyptiorum
1202 1754 1369 1845 volgares,
1388 1755 1496 1823 dictos
1516 1755 1595 1823 illos
1607 1747 1656 1822 ai
1675 1755 1808 1844 primos,
1829 1773 1914 1823 neu·

131 1868 263 1956 tiquam
290 1866 454 1934 arbitrarii
480 1866 617 1952 originis
648 1863 891 1952 0000011112
918 1871 1004 1959 quod
1032 1871 1147 1940 eadem
1179 1874 1277 1961 signa
1302 1875 1485 1965 numerica,
1517 1873 1763 1962 hieroglyphicn
1788 1872 1914 1960 pariter

130 1993 239 2073 atque
260 1985 420 2052 hieratica
440 1987 476 2052 et
497 1982 657 2052 demotica
678 1987 851 2054 mediisin
873 1989 978 2056 literis
1000 1991 1115 2058 literas
1136 1973 1330 2077 significant.

291 2101 368 2169 Non
388 2102 521 2170 maioris
541 2104 695 2171 momenti
716 2110 770 2171 eat
790 2108 969 2194 sententia,
990 2127 1035 2174 ex
1056 2127 1120 2196 qun
1140 2109 1264 2175 numeri
1291 2109 1449 2196 Aegyptii
1470 2127 1529 2198 pro
1550 2107 1718 2177 vocabulis
1739 2107 1914 2175 numericis

131 2207 385 2308 in'compendiu
406 2218 552 2287 redactis
572 2220 743 2288 habentur.
808 2220 901 2291 Sane
926 2225 1037 2292 Lndni
1064 2231 1227 2309 usurpant
1253 2227 1289 2291 ill
1316 2246 1376 2314 pro
1402 2227 1500 2315 mille,
1521 2225 1554 2292 1)
1575 2246 1634 2314 pro
1662 2223 1853 2314 demimille3
1874 2231 1913 2292 vt

132 2341 237 2408 aiunt.
281 2338 329 2404 At
349 2336 587 2424 Aegyptiorum
609 2339 769 2406 vocabula
789 2343 954 2409 numerica
974 2341 1055 2408 nihil
1073 2343 1196 2411 habent
1216 2361 1384 2411 commune
1410 2363 1481 2411 cum
1510 2343 1777 2433 pronunciatione
1797 2359 1914 2410 nume-

132 2477 243 2526 rorum
262 2457 513 2545 Aegyptiorum,
533 2457 583 2524 vti
603 2476 748 2545 sequens
770 2456 882 2525 tabula
902 2459 1037 2528 doceatz

419 2575 567 2641 Numeri.
674 2573 916 2644 Prononciatio.
1142 2578 1313 2650 Vocabula
1335 2579 1510 2648 numerica.

361 2709 373 2772 l
460 2687 548 2796 l=1
657 2739 663 2748 .
723 2727 755 2776 a.
798 2728 828 2778 e.
947 2718 1059 2796 opat.
1086 2721 1223 2796 εογιτ.
1249 2719 1410 2810 opopa.
1427 2721 1559 2800 ογωτ.
1582 2717 1706 2797 opor.

489 2861 498 2872 -
948 2833 1165 2925 *noeoea-
1761 2841 1765 2848 ’

946 2954 1048 3012 alar.
1073 2953 1290 3030 necamur.
1316 2949 1418 3015 mar.

946 3059 1031 3156 opp.
1056 3061 1152 3155 100.

840 3225 848 3240 .
945 3187 1015 3263 uic.
1038 3186 1226 3268 uacans.
1251 3189 1355 3268 ῳογ.
1379 3182 1481 3269 nior.

945 3301 1033 3385 aaa.

337 3358 369 3499 1
444 3383 634 3502 i=iooo
721 3413 753 3480 u.
797 3413 829 3480 u.
940 3423 1112 3501 nona.

945 3512 1020 3622 oio·

287 3648 404 3738 ltaque
431 3668 629 3739 magnopere
656 3649 822 3736 probabile
849 3654 915 3738 est,
949 3667 1100 3754 numeros
1135 3649 1321 3737 Aegyptios
1348 3669 1392 3717 ex
1412 3650 1518 3718 literis
1545 3652 1710 3741 alphabeti
1737 3655 1910 3744 prodiisse.

135 3741 263 3835 Omnes
283 3766 353 3836 lere
375 3767 486 3856 populi
507 3775 643 3836 veteres
664 3765 827 3853 alphabeti
849 3766 963 3834 literas
985 3766 1199 3835 adhibuerunt
1220 3767 1262 3834 ad
1284 3785 1436 3834 numeros
1457 3769 1697 3855 significandos.
1749 3775 1911 3842 Hincnu-

134 3885 217 3952 meri
238 3885 396 3973 Aegyptii
417 3892 474 3952 aut
494 3887 536 3952 ab
557 3886 723 3972 Aegyptio
745 3883 888 3953 deriuari
909 3883 1043 3972 debent,
1063 3892 1131 3973 aut,
1150 3883 1236 3971 quod
1257 3904 1369 3972 parum
1389 3887 1588 3972 verosimile,
1609 3890 1651 3957 ab
1665 3891 1773 3959 alieno
1795 3893 1911 3979 alpha-

136 4003 225 4069 beto.
250 4001 402 4090 Constat,
422 4008 623 4090 quantopere
645 4002 810 4090 Aegyptii,
831 4001 901 4068 suis
922 3999 1049 4066 artibus
1063 4001 1369 4090 inuentisqoclreti,
1390 4003 1590 4091 alienigenas
1611 4007 1652 4074 ab
1674 4009 1910 4097 antiquissimis

134 4120 213 4188 inde
234 4121 433 4208 temporibus
453 4118 695 4210 abhorruerint3
717 4136 818 4205 qnare
839 4118 926 4185 nullo
948 4135 1089 4204 unquam
1110 4125 1218 4207 pacto,
1244 4118 1361 4186 literas
1383 4139 1477 4206 quum
1497 4140 1577 4188 suas
1597 4122 1774 4215 haberent,
1794 4147 1908 4196 nnme-

135 4259 193 4307 ros
219 4237 351 4306 aliunde
371 4237 637 4305 arcessinissent.
680 4237 748 4304 lmo
769 4235 931 4303 lubentius
952 4253 1116 4326 numeros,
1135 4235 1166 4300 si
1186 4243 1349 4326 carerent,
1370 4239 1500 4326 proprio
1521 4239 1630 4308 Marte
1651 4245 1909 4330 excogitassent,

136 4357 244 4426 literis
265 4357 335 4424 suis
355 4355 627 4424 accommodatos.
651 4351 713 4422 Sin
726 4354 851 4422 numeri
864 4351 1022 4441 Aegyptii
1042 4351 1086 4421 ad
1106 4353 1313 4443 alphabetum
1334 4356 1574 4445 Aegyptiacum
1585 4361 1771 4455 pertinent,
1788 4362 1907 4451 duplex

139 4463 233 4541 hniu's
253 4475 302 4543 rei
323 4475 420 4542 datur
445 4473 633 4562 explicatio.
682 4471 774 4541 Fieri
800 4472 887 4540 enim
913 4471 1030 4558 potnit,
1050 4477 1089 4539 vt
1109 4473 1203 4560 primi
1224 4473 1257 4542 in
1277 4473 1431 4562 Aegypto
1458 4475 1576 4567 coloni,
1596 4477 1762 4548 Chaldaea
1783 4481 1909 4568 relicto,

140 4589 334 4674 primaeuum
356 4611 466 4662 secum
483 4597 657 4679 portarent
678 4590 899 4678 alphabetum,
918 4589 1009 4658 cuius
1029 4590 1136 4660 literis
1156 4611 1327 4661 numerare
1348 4593 1494 4662 solerent
1512 4593 1569 4663 vel
1589 4602 1666 4683 post
1685 4596 1907 4686 hieroglyphi-

138 4786 335 4803 Q

294 4913 352 4993 11)
373 4919 446 4980 Vid.
473 4919 515 4980 Δ.
543 4937 574 4980 a.
605 4918 781 4978 flumboldt:
808 4919 907 4980 lieber
933 4919 983 4977 dio
1010 4919 1060 4978 bei
1089 4919 1323 4981 verschiedenen
1353 4922 1486 4981 Vlillrern
1513 4924 1652 4984 iibllcben
1682 4925 1818 4995 systemc
1847 4935 1904 4976 ron

140 5016 346 5079 zahlzelchen
367 5025 424 5078 oet.
444 5021 477 5079 in
498 5021 595 5081 crolle
614 5021 738 5082 Journal
759 5023 781 5081 l.
802 5021 978 5084 mahemet
1000 5019 1093 5082 teta.
1116 5022 1185 5080 Vol.
1204 5019 1235 5082 l.
1256 5024 1330 5082 iaso.
1351 5019 1380 5079 0
1402 5040 1431 5096 p.
1451 5021 1522 5084 100.
