4796 6106
144 782 323 854 recondere
342 781 459 850 literas
480 781 540 851 sub
562 772 680 850 tenet
723 777 804 862 ssu'ns
823 779 1045 848 recondiderit
1065 778 1192 868 literas,
1213 793 1297 866 quae
1317 777 1416 847 laede
1436 779 1591 848 memorio
1601 781 1792 876 retinentur,
1806 803 1911 874 quas·

141 919 204 989 qne
225 921 319 970 nemo
340 901 500 968 homiuum
522 917 566 966 ex
587 903 676 964 terra
695 897 888 983 protrahere
908 898 1070 966 valuisset
1090 903 1166 984 post
1192 897 1362 984 diluuium,
1391 895 1476 983 quod
1505 899 1622 967 nullius
1642 901 1752 989 vrbis,
1771 903 1910 972 nullius-

139 1037 203 1105 que
225 1018 339 1086 domus
360 1018 504 1103 vestigia
524 1017 664 1103 reliquit,
688 1014 773 1102 quod
795 1015 931 1084 arbores
951 1016 1148 1083 fortissimas
1170 1013 1292 1081 deiecit
1312 1022 1412 1100 atque
1434 1034 1535 1083 arena
1555 1017 1598 1084 ad
1619 1016 1695 1084 1⁰0
1719 1017 1823 1105 pedes
1843 1020 1910 1090 alta

138 1134 356 1222 lapidatisque
383 1154 443 1221 per
471 1141 570 1202 totum
593 1141 754 1200 tnrarnm
776 1133 886 1200 orbem
907 1127 1084 1219 sepelinitl
1149 1133 1239 1217 Ergo
1262 1130 1465 1216 engitendum
1486 1133 1530 1200 de
1550 1133 1634 1201 vrbe
1655 1153 1719 1202 non
1747 1139 1911 1227 terrestri,

137 1253 202 1320 sed
223 1254 369 1321 coelesti.
420 1255 524 1329 Πολις
542 1249 658 1318 ‘Hlecc
679 1255 734 1316 est
754 1248 925 1317 dominium
947 1251 1038 1318 Solis
1059 1252 1130 1318 siue
1151 1252 1328 1330 Zodiacus,
1350 1251 1385 1316 in
1406 1269 1468 1336 quo
1489 1251 1614 1318 medius
1635 1251 1696 1318 Sol
1717 1261 1910 1322 constanter

136 1376 266 1458 regnan,
286 1368 443 1440 monendo
465 1389 504 1436 se
525 1370 617 1438 vires
638 1373 786 1435 exercet·
824 1368 918 1436 Sane
938 1367 1001 1436 hoc
1027 1367 1119 1434 Solis
1139 1369 1311 1435 dominium
1330 1369 1464 1466 uocauit
1484 1367 1630 1436 Berosus
1651 1369 1766 1436 vrbem
1793 1370 1909 1438 litera-

137 1507 209 1555 rum
230 1486 384 1576 Sippara,
404 1492 503 1574 atque
524 1507 568 1554 ex
588 1485 788 1552 Phoenicum
809 1485 1037 1554 traditionibus
1058 1486 1174 1552 literae
1196 1504 1216 1552 e
1236 1484 1385 1552 Zodiuco
1405 1491 1578 1552 venerunt.

215 1627 219 1646 ι
288 1602 358 1672 lam
379 1604 514 1672 disertis
536 1603 591 1670 his
616 1603 815 1670 Phoenicum
837 1610 872 1670 et
894 1604 1142 1690 Babyloniorum
1164 1602 1392 1670 traditionibus
1412 1603 1573 1670 accedunt
1597 1600 1682 1670 aliae
1704 1603 1790 1671 haud
1811 1605 1909 1672 multo

136 1721 343 1812 obscuriores
371 1721 458 1807 apud
486 1720 654 1805 Graecos,
694 1721 809 1807 quibus
846 1719 923 1788 illae
961 1721 1198 1788 confirmantur.
1259 1718 1456 1788 Graecorum
1486 1719 1628 1787 Cadmus
1655 1721 1709 1787 ille
1745 1721 1910 1788 literarum

134 1839 290 1908 inuentor
309 1839 396 1905 hand
418 1839 514 1904 dubie
535 1839 621 1906 idern
642 1845 696 1904 est
715 1843 814 1924 atque
837 1838 942 1905 Noah.
998 1840 1031 1902 N
1034 1857 1075 1904 on
1097 1855 1255 1924 negemus
1275 1837 1430 1904 iuniorem
1444 1838 1613 1924 quemdam
1628 1838 1731 1906 inisse
1753 1837 1909 1906 Cadmum

133 1958 371 2046 (principemlq
393 1955 616 2023 contendimus
637 1960 745 2023 autem
767 1956 916 2023 Graecos
937 1955 1012 2022 huic
1032 1956 1270 2045 adscripsisse,
1293 1955 1378 2044 quod
1403 1957 1535 2043 antiquo
1556 1955 1724 2037 conuenit,
1753 1957 1824 2022 siue
1845 1973 1909 2022 va-

133 2075 206 2142 rias
229 2091 401 2161 personas,
422 2094 517 2160 qunrn
537 2075 643 2141 simdc
668 2073 744 2161 qnid
768 2073 918 2161 iecerint,
937 2073 1052 2140 ecdem
1077 2074 1206 2142 nurnine
1233 2073 1456 2159 insigniuisse.
1520 2073 1665 2140 Cadmus
1692 2072 1821 2159 quidem
1849 2091 1910 2140 se-

134 2193 220 2274 nior,
244 2213 337 2279 quum
362 2192 485 2278 primus
506 2193 638 2260 vincam
660 2192 869 2279 plantanerit,
891 2196 988 2277 pater
1008 2189 1162 2258 Semeles
1182 2193 1358 2278 (vinem),
1384 2207 1520 2277 quacum
1542 2191 1668 2276 iupiter
1692 2188 1788 2270 (Sul)
1816 2189 1910 2256 Bac-

134 2311 234 2378 chum
256 2310 401 2390 (vinum)
423 2310 607 2394 progenuit,
630 2310 790 2394 orgiorum
811 2315 925 2374 auctm
946 2308 1002 2374 ille
1023 2327 1087 2374 non
1105 2313 1218 2394 potest
1238 2327 1304 2375 nen
1325 2327 1385 2394 pro
1406 2307 1503 2374 Noah
1524 2307 1647 2374 haberi.
1689 2307 1795 2374 Hicce
1817 2303 1910 2374 Gad-

134 2447 208 2494 mns
229 2443 310 2494 vero
331 2445 380 2493 ex
401 2426 577 2494 traditione
599 2425 798 2492 Graecorum
819 2423 992 2492 draconem
1010 2423 1207 2504 (zodiacum
1235 2424 1389 2490 draconis
1416 2423 1521 2491 instar
1541 2425 1712 2511 plicatum)
1733 2425 1910 2512 superauit,

133 2545 186 2612 itu
205 2553 244 2610 vt
265 2542 369 2630 ipsius
390 2541 568 2612 seminaret
588 2543 708 2610 dentes
729 2541 886 2622 (zodiaci
913 2547 1114 2628 segmenta),
1143 2562 1187 2608 ex
1214 2542 1330 2629 quibus
1357 2539 1527 2627 prodirent
1553 2542 1730 2609 bellatores
1760 2541 1911 2621 (literae)

134 2661 325 2730 conditores
347 2659 532 2728 Thebarum
554 2660 761 2741 (scientiae).
803 2662 859 2726 An
883 2659 1001 2727 credes
1024 2660 1194 2726 historiam
1215 2655 1330 2726 Cadmi
1351 2679 1415 2726 nnn
1437 2677 1516 2727 esse
1537 2649 1768 2745 allegoricam?

290 2777 374 2842 ltern
395 2776 482 2860 apud
504 2777 666 2844 Sinenaes
689 2776 822 2842 traditio
845 2783 910 2864 est,
932 2777 1015 2844 Pohi
1035 2778 1175 2858 (Neam)
1204 2777 1296 2844 linito
1318 2778 1437 2847 diluuio
1460 2779 1628 2847 inuenisse
1650 2777 1815 2846 literarum
1836 2776 1912 2846 dia·

134 2899 319 2982 mnata
339 2891 587 2978 contemplando
609 2897 730 2977 puncta
750 2888 914 2982 (stellas)
934 2894 969 2958 in
991 2893 1132 2962 drocone
1153 2895 1302 2981 Lungma
1322 2895 1512 2977 (Zodiaco).

289 3008 369 3096 lpse
390 3008 543 3095 Hyginus
564 3009 661 3090 (neo.
687 3004 797 3088 277.)
818 3007 931 3088 refert,
955 3011 1087 3094 Μοιρας
1109 3030 1189 3078 esse
1209 3012 1373 3076 nteraruu
1387 3009 1551 3078 ABHLI
1554 3015 1580 3078 Υ
1600 3019 1762 3080 anderes.
1784 3016 1911 3103 Μοιραι

135 3146 220 3196 vero
241 3127 317 3194 illae
338 3127 409 3193 sine
432 3125 558 3195 Parcae
579 3127 642 3194 hoc
663 3127 735 3193 loco
757 3145 821 3194 non
843 3131 921 3191 sunt
941 3129 1133 3214 terrestres,
1153 3125 1215 3194 sed
1237 3125 1398 3195 sidericac
1419 3151 1531 3217 μοιραι
1551 3127 1574 3194 i.
1604 3147 1634 3196 e.
1663 3137 1837 3214 segmenta
1855 3132 1911 3199 vel

134 3243 259 3331 gratim
284 3243 422 3312 zodiaci
442 3245 640 3331 astrologici.
683 3244 783 3332 Hinc,
803 3263 898 3331 quum
919 3244 1098 3312 zodiacum
1120 3251 1255 3312 veteres
1282 3243 1422 3312 feceriut
1452 3245 1667 3333 tripartitum,
1693 3245 1811 3315 literae
1830 3247 1912 3336 AB,

134 3360 222 3448 HL,
243 3361 296 3426 li
311 3362 498 3447 significent
509 3363 592 3430 torte
613 3363 676 3429 trie
687 3363 827 3432 Zodiaci
838 3369 1020 3448 segmenta.
1044 3365 1147 3430 certe
1161 3362 1201 3429 A
1209 3359 1344 3451 initium,
1371 3363 1454 3428 Y==
1474 3360 1612 3432 Vlinem
1624 3363 1791 3451 alphabeti
1811 3367 1910 3432 iunu-

133 3485 210 3567 vnt,
230 3479 349 3565 quippe
370 3480 477 3548 literis
498 3478 550 3546 75
573 3481 767 3548 constantis.

288 3595 444 3684 Denique
472 3598 674 3685 Apecrypba
699 3598 744 3664 ad
775 3599 852 3664 Vet.
885 3597 980 3664 nest
1006 3596 1146 3689 librique
1184 3595 1388 3662 eabbnistiei
1415 3597 1549 3683 saepius
1575 3604 1773 3681 memorant,
1795 3599 1911 3670 literas

133 3713 185 3781 ad
204 3714 328 3782 eoelum
350 3715 517 3801 pertinere
525 3719 569 3796 ⁸).
625 3715 737 3800 Atque
765 3713 894 3782 Persae
918 3715 1093 3782 etiamnum
1117 3713 1234 3781 literne
1258 3703 1267 3779 l
1294 3733 1334 3800 ῳ
1361 3723 1450 3844 En
1484 3713 1626 3802 reliques
1657 3713 1816 3806 deinceps
1853 3737 1911 3786 re·

133 3830 250 3900 lerant
270 3830 313 3898 ad
333 3831 439 3918 Signa
460 3831 598 3928 Zodinoi
620 3846 659 3904 Υ
686 3839 725 3908 11
754 3833 787 3908 bt
818 3833 953 3918 reliqua.

293 3943 384 4027 onas
411 3949 541 4032 quidem
568 3951 609 4016 ub
635 3967 754 4016 causas
779 3949 893 4036 negari
920 3949 1049 4036 nequit,
1075 3953 1225 4016 veterum
1260 3946 1304 4013 ad
1338 3946 1534 4016 traditiones
1568 3947 1774 4037 alphabetum
1808 3953 1912 4023 imeae

132 4064 312 4150 imaginem
333 4062 472 4129 Zodiaei
492 4066 553 4131 snb
573 4066 669 4132 linem
690 4065 809 4132 diluuii

294 4180 338 4263 3)
360 4179 423 4248 Sin
442 4181 648 4269 alphabetum
668 4183 774 4267 imago
800 4179 938 4247 Zodiaci
960 4181 1017 4246 tuit
1046 4181 1106 4246 sub
1135 4179 1231 4246 finem
1249 4177 1369 4262 diluuii,
1392 4179 1551 4270 sequitur,
1572 4182 1606 4250 in
1627 4201 1668 4251 eo
1688 4183 1791 4252 luisse
1813 4193 1910 4254 notas

138 4301 344 4388 planetarum
367 4317 494 4386 quoque
516 4306 581 4366 turn
602 4299 760 4387 temporis
780 4297 816 4365 in
835 4297 983 4366 zodiaco
1004 4304 1264 4384 conspecturum.
1309 4295 1372 4381 Qui
1391 4297 1511 4365 diluuio
1525 4299 1616 4368 linito
1636 4303 1732 4388 signa
1754 4304 1912 4372 coelestin

139 4419 308 4503 alphabeti
328 4418 435 4484 literis
456 4416 613 4502 deinceps
634 4419 818 4504 exprimere
837 4415 973 4505 studuit,
995 4417 1026 4484 is
1047 4434 1113 4482 non
1136 4416 1240 4502 potuit
1260 4433 1325 4482 non
1346 4415 1548 4503 planetarum
1562 4435 1690 4506 quoque
1711 4420 1744 4486 in
1766 4421 1911 4489 zodiaco

138 4534 216 4600 loca
235 4537 370 4602 innuere
390 4555 451 4622 pro
472 4535 526 4603 die
548 4532 585 4600 7.
607 4531 701 4621 Sept
726 4531 834 4602 3446
857 4553 888 4601 a.
912 4530 987 4600 Chr.
1052 4534 1126 4600 Hoc
1152 4534 1237 4600 enim
1270 4532 1324 4600 die
1352 4532 1477 4621 bomne
1503 4553 1589 4602 anno
1616 4537 1769 4604 diluuium
1796 4558 1911 4607 nouem

296 4803 333 4879 6)
354 4809 574 4868 Testamentum
605 4811 667 4868 ΧΠ
696 4809 860 4868 Patrlarch.
892 4809 1032 4884 limnage
1058 4807 1138 4869 illst.
1165 4807 1219 4866 des
1245 4809 1323 4867 Iulis
1350 4811 1385 4868 'l‘-
1410 4809 1465 4868 Vl.
1492 4812 1527 4873 L.
1553 4809 1584 4868 tl.
1605 4829 1632 4870 e.
1653 4811 1684 4869 8.
1712 4810 1764 4869 hd.
1787 4809 1836 4866 21.
1856 4806 1909 4870 hd.

141 4906 235 4966 Picus
255 4904 426 4966 Mirandolo
444 4911 601 4986 Astrolog.
620 4913 656 4971 la.
679 4913 762 4972 vul.
785 4927 812 4968 c
833 4905 864 4968 c.
884 4927 912 4984 p.
932 4907 1015 4986 tto,
1035 4925 1109 4982 qnos
1131 4911 1205 4968 citat
1227 4910 1341 4968 calmet
1367 4910 1444 4969 nltt
1472 4913 1510 4971 ta
1537 4913 1688 4972 worterb.
1712 4927 1739 4968 a.
1759 4908 1910 4968 Bnebsto-

141 5007 199 5066 ben
221 5021 249 5078 p.
272 5003 346 5066 667,
393 5057 399 5068 .

1526 5119 1607 5185 13*
