<?xml version="1.0" encoding="UTF-8"?>
<!DOCTYPE html PUBLIC "-//W3C//DTD XHTML 1.0 Transitional//EN"
    "http://www.w3.org/TR/xhtml1/DTD/xhtml1-transitional.dtd">
<html xmlns="http://www.w3.org/1999/xhtml" xml:lang="en" lang="en">
 <head>
  <title>
</title>
<meta http-equiv="Content-Type" content="text/html;charset=utf-8" />
  <meta name='ocr-system' content='tesseract 3.04.00' />
  <meta name='ocr-capabilities' content='ocr_page ocr_carea ocr_par ocr_line ocrx_word'/>
</head>
<body>
  <div class='ocr_page' id='page_1' title='image "./beitraegezurken01staagoog_0200.png"; bbox 0 0 4796 6106; ppageno 0'>
   <div class='ocr_carea' id='block_1_1' title="bbox 1227 617 1504 696">
    <p class='ocr_par' dir='ltr' id='par_1_1' title="bbox 1227 617 1504 696">
     <span class='ocr_line' id='line_1_1' title="bbox 1227 617 1504 696; baseline -0.011 1"><span class='ocrx_word' id='word_1_1' title='bbox 1227 617 1404 696; x_wconf 75' lang='lat' dir='ltr'><strong>..rot</strong></span> <span class='ocrx_word' id='word_1_2' title='bbox 1453 660 1504 678; x_wconf 93' lang='lat'>-</span> 
     </span>
    </p>
   </div>
   <div class='ocr_carea' id='block_1_2' title="bbox 482 805 2256 1979">
    <p class='ocr_par' dir='ltr' id='par_1_2' title="bbox 482 805 2256 1979">
     <span class='ocr_line' id='line_1_2' title="bbox 483 805 2254 930; baseline -0.019 -20"><span class='ocrx_word' id='word_1_3' title='bbox 483 837 569 930; x_wconf 91' lang='lat' dir='ltr'><strong>quod</strong></span> <span class='ocrx_word' id='word_1_4' title='bbox 597 837 647 905; x_wconf 89' lang='lat' dir='ltr'><strong>rei</strong></span> <span class='ocrx_word' id='word_1_5' title='bbox 676 831 923 902; x_wconf 87' lang='lat' dir='ltr'><strong>conuenientius</strong></span> <span class='ocrx_word' id='word_1_6' title='bbox 954 831 1035 912; x_wconf 87' lang='lat' dir='ltr'><strong>erat,</strong></span> <span class='ocrx_word' id='word_1_7' title='bbox 1064 843 1130 894; x_wconf 93' lang='lat' dir='ltr'><strong>nou</strong></span> <span class='ocrx_word' id='word_1_8' title='bbox 1156 823 1308 892; x_wconf 90' lang='lat' dir='ltr'><strong>retulerit</strong></span> <span class='ocrx_word' id='word_1_9' title='bbox 1340 824 1384 892; x_wconf 95' lang='lat' dir='ltr'><strong>ad</strong></span> <span class='ocrx_word' id='word_1_10' title='bbox 1418 811 1480 899; x_wconf 66' lang='lat'><strong>8?</strong></span> <span class='ocrx_word' id='word_1_11' title='bbox 1522 817 1595 884; x_wconf 83' lang='lat' dir='ltr'><strong>lies</strong></span> <span class='ocrx_word' id='word_1_12' title='bbox 1623 813 1673 881; x_wconf 85' lang='lat' dir='ltr'><strong>sic</strong></span> <span class='ocrx_word' id='word_1_13' title='bbox 1702 830 1743 882; x_wconf 87' lang='lat' dir='ltr'><strong>se</strong></span> <span class='ocrx_word' id='word_1_14' title='bbox 1769 811 1876 880; x_wconf 87' lang='lat' dir='ltr'><strong>babet</strong></span> <span class='ocrx_word' id='word_1_15' title='bbox 1942 805 2082 878; x_wconf 73' lang='lat' dir='ltr'><strong>scillcet</strong></span> <span class='ocrx_word' id='word_1_16' title='bbox 2113 815 2254 895; x_wconf 87' lang='lat' dir='ltr'><strong>apparet</strong></span> 
     </span>
     <span class='ocr_line' id='line_1_3' title="bbox 483 924 2251 1039; baseline -0.019 -11"><span class='ocrx_word' id='word_1_17' title='bbox 483 977 527 1028; x_wconf 91' lang='lat' dir='ltr'><strong>ex</strong></span> <span class='ocrx_word' id='word_1_18' title='bbox 548 956 674 1025; x_wconf 87' lang='lat' dir='ltr'><strong>ratione</strong></span> <span class='ocrx_word' id='word_1_19' title='bbox 695 951 871 1039; x_wconf 77' lang='lat' dir='ltr'><strong>alphabeti,</strong></span> <span class='ocrx_word' id='word_1_20' title='bbox 892 967 986 1035; x_wconf 88' lang='lat' dir='ltr'><strong>quum</strong></span> <span class='ocrx_word' id='word_1_21' title='bbox 1008 941 1059 1009; x_wconf 71' lang='lat' dir='ltr'><strong>te</strong></span> <span class='ocrx_word' id='word_1_22' title='bbox 1082 943 1186 1010; x_wconf 89' lang='lat' dir='ltr'><strong>literis</strong></span> <span class='ocrx_word' id='word_1_23' title='bbox 1208 945 1348 1022; x_wconf 88' lang='lat' dir='ltr'><strong>constet,</strong></span> <span class='ocrx_word' id='word_1_24' title='bbox 1368 953 1526 1028; x_wconf 90' lang='lat' dir='ltr'><strong>quumque</strong></span> <span class='ocrx_word' id='word_1_25' title='bbox 1548 936 1582 1001; x_wconf 93' lang='lat' dir='ltr'><strong>in</strong></span> <span class='ocrx_word' id='word_1_26' title='bbox 1603 933 1711 1018; x_wconf 91' lang='lat' dir='ltr'><strong>capite</strong></span> <span class='ocrx_word' id='word_1_27' title='bbox 1724 936 1760 997; x_wconf 91' lang='lat' dir='ltr'><strong>et</strong></span> <span class='ocrx_word' id='word_1_28' title='bbox 1781 928 1845 996; x_wconf 88' lang='lat' dir='ltr'><strong>tine</strong></span> <span class='ocrx_word' id='word_1_29' title='bbox 1858 925 2007 995; x_wconf 88' lang='lat' dir='ltr'><strong>vocalem</strong></span> <span class='ocrx_word' id='word_1_30' title='bbox 2029 924 2157 1005; x_wconf 88' lang='lat' dir='ltr'><strong>babeat,</strong></span> <span class='ocrx_word' id='word_1_31' title='bbox 2169 925 2251 994; x_wconf 90' lang='lat' dir='ltr'><strong>duos</strong></span> 
     </span>
     <span class='ocr_line' id='line_1_4' title="bbox 482 1039 2250 1163; baseline -0.019 -21"><span class='ocrx_word' id='word_1_32' title='bbox 482 1075 635 1163; x_wconf 77' lang='lat' dir='ltr'><strong>planetas</strong></span> <span class='ocrx_word' id='word_1_33' title='bbox 657 1077 722 1136; x_wconf 88' lang='lat' dir='ltr'><strong>lum</strong></span> <span class='ocrx_word' id='word_1_34' title='bbox 744 1069 845 1134; x_wconf 87' lang='lat' dir='ltr'><strong>luisse</strong></span> <span class='ocrx_word' id='word_1_35' title='bbox 868 1085 907 1132; x_wconf 90' lang='lat' dir='ltr'><strong>eo</strong></span> <span class='ocrx_word' id='word_1_36' title='bbox 929 1062 1067 1129; x_wconf 75' lang='lat' dir='ltr'><strong>zodiaci</strong></span> <span class='ocrx_word' id='word_1_37' title='bbox 1089 1061 1122 1126; x_wconf 92' lang='lat' dir='ltr'><strong>in</strong></span> <span class='ocrx_word' id='word_1_38' title='bbox 1143 1059 1214 1125; x_wconf 90' lang='lat' dir='ltr'><strong>loco</strong></span> <span class='ocrx_word' id='word_1_39' title='bbox 1232 1060 1435 1144; x_wconf 88' lang='lat' dir='ltr'><strong>coniunctos,</strong></span> <span class='ocrx_word' id='word_1_40' title='bbox 1456 1074 1518 1143; x_wconf 92' lang='lat' dir='ltr'><strong>quo</strong></span> <span class='ocrx_word' id='word_1_41' title='bbox 1539 1073 1563 1118; x_wconf 86' lang='grc'><strong>5</strong></span> <span class='ocrx_word' id='word_1_42' title='bbox 1584 1057 1619 1119; x_wconf 89' lang='lat' dir='ltr'><strong>ct</strong></span> <span class='ocrx_word' id='word_1_43' title='bbox 1640 1069 1664 1116; x_wconf 84' lang='grc'><strong>5</strong></span> <span class='ocrx_word' id='word_1_44' title='bbox 1684 1049 1877 1116; x_wconf 78' lang='lat' dir='ltr'><strong>referantur.</strong></span> <span class='ocrx_word' id='word_1_45' title='bbox 1920 1040 1961 1111; x_wconf 82' lang='lat' dir='ltr'><strong>Si</strong></span> <span class='ocrx_word' id='word_1_46' title='bbox 1978 1041 2185 1130; x_wconf 84' lang='lat' dir='ltr'><strong>alphabetum</strong></span> <span class='ocrx_word' id='word_1_47' title='bbox 2199 1039 2250 1108; x_wconf 75' lang='lat'><strong>25</strong></span> 
     </span>
     <span class='ocr_line' id='line_1_5' title="bbox 483 1158 2253 1262; baseline -0.02 -3"><span class='ocrx_word' id='word_1_48' title='bbox 483 1193 650 1259; x_wconf 89' lang='lat' dir='ltr'><strong>literarum</strong></span> <span class='ocrx_word' id='word_1_49' title='bbox 671 1185 858 1252; x_wconf 84' lang='lat' dir='ltr'><strong>inscribitur</strong></span> <span class='ocrx_word' id='word_1_50' title='bbox 881 1179 1025 1247; x_wconf 87' lang='lat' dir='ltr'><strong>zodiaco</strong></span> <span class='ocrx_word' id='word_1_51' title='bbox 1047 1179 1081 1244; x_wconf 93' lang='lat' dir='ltr'><strong>in</strong></span> <span class='ocrx_word' id='word_1_52' title='bbox 1111 1174 1166 1242; x_wconf 71' lang='lat'><strong>24</strong></span> <span class='ocrx_word' id='word_1_53' title='bbox 1195 1182 1309 1262; x_wconf 86' lang='lat' dir='ltr'><strong>partes</strong></span> <span class='ocrx_word' id='word_1_54' title='bbox 1336 1174 1460 1260; x_wconf 91' lang='lat' dir='ltr'><strong>diuiso,</strong></span> <span class='ocrx_word' id='word_1_55' title='bbox 1486 1169 1606 1239; x_wconf 89' lang='lat' dir='ltr'><strong>accidit</strong></span> <span class='ocrx_word' id='word_1_56' title='bbox 1631 1173 1670 1235; x_wconf 89' lang='lat' dir='ltr'><strong>vt</strong></span> <span class='ocrx_word' id='word_1_57' title='bbox 1691 1165 1795 1254; x_wconf 88' lang='lat' dir='ltr'><strong>prima</strong></span> <span class='ocrx_word' id='word_1_58' title='bbox 1814 1164 1912 1230; x_wconf 87' lang='lat' dir='ltr'><strong>litera</strong></span> <span class='ocrx_word' id='word_1_59' title='bbox 1942 1180 2014 1227; x_wconf 90' lang='lat' dir='ltr'><strong>eum</strong></span> <span class='ocrx_word' id='word_1_60' title='bbox 2034 1159 2149 1226; x_wconf 84' lang='lat' dir='ltr'><strong>ultima</strong></span> <span class='ocrx_word' id='word_1_61' title='bbox 2168 1158 2253 1226; x_wconf 89' lang='lat' dir='ltr'><strong>idem</strong></span> 
     </span>
     <span class='ocr_line' id='line_1_6' title="bbox 485 1277 2254 1393; baseline -0.018 -18"><span class='ocrx_word' id='word_1_62' title='bbox 485 1312 687 1393; x_wconf 80' lang='lat' dir='ltr'><strong>segmentum</strong></span> <span class='ocrx_word' id='word_1_63' title='bbox 710 1304 820 1366; x_wconf 88' lang='lat' dir='ltr'><strong>intret.</strong></span> <span class='ocrx_word' id='word_1_64' title='bbox 883 1295 974 1382; x_wconf 78' lang='lat' dir='ltr'><strong>Ergo</strong></span> <span class='ocrx_word' id='word_1_65' title='bbox 995 1294 1092 1360; x_wconf 89' lang='lat' dir='ltr'><strong>Noah</strong></span> <span class='ocrx_word' id='word_1_66' title='bbox 1115 1293 1282 1359; x_wconf 88' lang='lat' dir='ltr'><strong>vocalibus</strong></span> <span class='ocrx_word' id='word_1_67' title='bbox 1302 1311 1326 1356; x_wconf 86' lang='grc'><strong>5</strong></span> <span class='ocrx_word' id='word_1_68' title='bbox 1348 1297 1382 1357; x_wconf 92' lang='lat' dir='ltr'><strong>et</strong></span> <span class='ocrx_word' id='word_1_69' title='bbox 1402 1309 1426 1354; x_wconf 82' lang='lat' dir='ltr'><strong>u</strong></span> <span class='ocrx_word' id='word_1_70' title='bbox 1447 1308 1546 1356; x_wconf 90' lang='lat' dir='ltr'><strong>vnum</strong></span> <span class='ocrx_word' id='word_1_71' title='bbox 1558 1285 1707 1370; x_wconf 83' lang='lat' dir='ltr'><strong>idemque</strong></span> <span class='ocrx_word' id='word_1_72' title='bbox 1721 1287 1926 1368; x_wconf 83' lang='lat' dir='ltr'><strong>segmentum</strong></span> <span class='ocrx_word' id='word_1_73' title='bbox 1946 1277 2161 1346; x_wconf 76' lang='lat' dir='ltr'><strong>subeuntibus</strong></span> <span class='ocrx_word' id='word_1_74' title='bbox 2174 1295 2254 1344; x_wconf 93' lang='lat' dir='ltr'><strong>con·</strong></span> 
     </span>
     <span class='ocr_line' id='line_1_7' title="bbox 485 1391 2252 1504; baseline -0.019 -13"><span class='ocrx_word' id='word_1_75' title='bbox 485 1425 679 1491; x_wconf 78' lang='lat' dir='ltr'><strong>hunctionem</strong></span> <span class='ocrx_word' id='word_1_76' title='bbox 700 1418 904 1504; x_wconf 88' lang='lat' dir='ltr'><strong>planetarum</strong></span> <span class='ocrx_word' id='word_1_77' title='bbox 925 1433 948 1478; x_wconf 89' lang='grc'><strong>5</strong></span> <span class='ocrx_word' id='word_1_78' title='bbox 969 1419 1004 1480; x_wconf 91' lang='lat' dir='ltr'><strong>et</strong></span> <span class='ocrx_word' id='word_1_79' title='bbox 1024 1429 1048 1476; x_wconf 81' lang='lat' dir='ltr'><strong><em>u</em></strong></span> <span class='ocrx_word' id='word_1_80' title='bbox 1061 1401 1106 1490; x_wconf 81' lang='lat' dir='ltr'><strong>(b</strong></span> <span class='ocrx_word' id='word_1_81' title='bbox 1128 1415 1163 1475; x_wconf 90' lang='lat' dir='ltr'><strong>et</strong></span> <span class='ocrx_word' id='word_1_82' title='bbox 1188 1397 1241 1486; x_wconf 71' lang='lat' dir='ltr'><strong>e)</strong></span> <span class='ocrx_word' id='word_1_83' title='bbox 1263 1405 1407 1473; x_wconf 89' lang='lat' dir='ltr'><strong>indicare</strong></span> <span class='ocrx_word' id='word_1_84' title='bbox 1428 1405 1591 1472; x_wconf 82' lang='lat' dir='ltr'><strong>voluitne</strong></span> <span class='ocrx_word' id='word_1_85' title='bbox 1613 1401 1735 1469; x_wconf 87' lang='lat' dir='ltr'><strong>debuit.</strong></span> <span class='ocrx_word' id='word_1_86' title='bbox 1794 1395 1857 1466; x_wconf 85' lang='lat' dir='ltr'><strong>Sin</strong></span> <span class='ocrx_word' id='word_1_87' title='bbox 1884 1397 2089 1484; x_wconf 88' lang='lat' dir='ltr'><strong>alphabetum</strong></span> <span class='ocrx_word' id='word_1_88' title='bbox 2119 1413 2191 1460; x_wconf 92' lang='lat' dir='ltr'><strong>cum</strong></span> <span class='ocrx_word' id='word_1_89' title='bbox 2218 1391 2252 1468; x_wconf 66' lang='lat' dir='ltr'><strong>it</strong></span> 
     </span>
     <span class='ocr_line' id='line_1_8' title="bbox 484 1510 2256 1625; baseline -0.017 -18"><span class='ocrx_word' id='word_1_90' title='bbox 484 1538 676 1625; x_wconf 81' lang='lat' dir='ltr'><strong>incepisset,</strong></span> <span class='ocrx_word' id='word_1_91' title='bbox 699 1532 784 1621; x_wconf 88' lang='lat' dir='ltr'><strong>quod</strong></span> <span class='ocrx_word' id='word_1_92' title='bbox 806 1530 988 1599; x_wconf 78' lang='lat' dir='ltr'><strong>facillimum</strong></span> <span class='ocrx_word' id='word_1_93' title='bbox 1010 1533 1084 1594; x_wconf 84' lang='lat' dir='ltr'><strong>erat</strong></span> <span class='ocrx_word' id='word_1_94' title='bbox 1113 1543 1172 1612; x_wconf 91' lang='lat' dir='ltr'><strong>per</strong></span> <span class='ocrx_word' id='word_1_95' title='bbox 1203 1543 1260 1611; x_wconf 87' lang='lat' dir='ltr'><strong>se,</strong></span> <span class='ocrx_word' id='word_1_96' title='bbox 1282 1522 1452 1589; x_wconf 87' lang='lat' dir='ltr'><strong>debuisset</strong></span> <span class='ocrx_word' id='word_1_97' title='bbox 1477 1522 1627 1607; x_wconf 89' lang='lat' dir='ltr'><strong>planetas</strong></span> <span class='ocrx_word' id='word_1_98' title='bbox 1655 1516 1686 1594; x_wconf 70' lang='lat' dir='ltr'><strong>l)</strong></span> <span class='ocrx_word' id='word_1_99' title='bbox 1715 1522 1750 1585; x_wconf 87' lang='lat' dir='ltr'><strong>ct</strong></span> <span class='ocrx_word' id='word_1_100' title='bbox 1779 1510 1803 1594; x_wconf 71' lang='grc'><strong>5</strong></span> <span class='ocrx_word' id='word_1_101' title='bbox 1838 1513 1983 1584; x_wconf 86' lang='lat' dir='ltr'><strong>secundo</strong></span> <span class='ocrx_word' id='word_1_102' title='bbox 2004 1511 2039 1580; x_wconf 89' lang='lat' dir='ltr'><strong>in</strong></span> <span class='ocrx_word' id='word_1_103' title='bbox 2066 1511 2174 1597; x_wconf 74' lang='lat' dir='ltr'><strong>Signo</strong></span> <span class='ocrx_word' id='word_1_104' title='bbox 2198 1529 2256 1578; x_wconf 88' lang='lat' dir='ltr'><strong>sc-</strong></span> 
     </span>
     <span class='ocr_line' id='line_1_9' title="bbox 487 1637 1668 1742; baseline -0.019 -18"><span class='ocrx_word' id='word_1_105' title='bbox 487 1657 585 1724; x_wconf 89' lang='lat' dir='ltr'><strong>orsim</strong></span> <span class='ocrx_word' id='word_1_106' title='bbox 605 1671 740 1742; x_wconf 90' lang='lat' dir='ltr'><strong>ponere.</strong></span> <span class='ocrx_word' id='word_1_107' title='bbox 786 1647 857 1731; x_wconf 77' lang='lat' dir='ltr'><strong>ouo</strong></span> <span class='ocrx_word' id='word_1_108' title='bbox 878 1648 966 1715; x_wconf 83' lang='lat' dir='ltr'><strong>lacto</strong></span> <span class='ocrx_word' id='word_1_109' title='bbox 986 1644 1191 1731; x_wconf 86' lang='lat' dir='ltr'><strong>alphabetum</strong></span> <span class='ocrx_word' id='word_1_110' title='bbox 1213 1641 1381 1709; x_wconf 91' lang='lat' dir='ltr'><strong>euenisset</strong></span> <span class='ocrx_word' id='word_1_111' title='bbox 1402 1639 1468 1708; x_wconf 89' lang='lat' dir='ltr'><strong>tale</strong></span> <span class='ocrx_word' id='word_1_112' title='bbox 1490 1637 1668 1726; x_wconf 82' lang='lat' dir='ltr'><strong>quoddam:</strong></span> 
     </span>
     <span class='ocr_line' id='line_1_10' title="bbox 720 1763 1674 1853; baseline -0.018 0"><span class='ocrx_word' id='word_1_113' title='bbox 720 1783 759 1853; x_wconf 72' lang='lat' dir='ltr'><strong>&#39;e‘</strong></span> <span class='ocrx_word' id='word_1_114' title='bbox 1073 1777 1107 1842; x_wconf 91' lang='grc' dir='ltr'><strong>Π</strong></span> <span class='ocrx_word' id='word_1_115' title='bbox 1362 1777 1403 1838; x_wconf 72' lang='lat' dir='ltr'><strong>eb</strong></span> <span class='ocrx_word' id='word_1_116' title='bbox 1639 1763 1674 1838; x_wconf 78' lang='lat' dir='ltr'><strong>a</strong></span> 
     </span>
     <span class='ocr_line' id='line_1_11' title="bbox 642 1873 1803 1979; baseline -0.009 -17"><span class='ocrx_word' id='word_1_117' title='bbox 642 1887 843 1962; x_wconf 64' lang='lat' dir='ltr'><strong>imit.</strong></span> <span class='ocrx_word' id='word_1_118' title='bbox 896 1881 1266 1979; x_wconf 59' lang='lat' dir='ltr'><strong>eumdem).</strong></span> <span class='ocrx_word' id='word_1_119' title='bbox 1318 1875 1480 1955; x_wconf 71' lang='lat' dir='ltr'><strong>eser.</strong></span> <span class='ocrx_word' id='word_1_120' title='bbox 1533 1873 1803 1971; x_wconf 64' lang='lat' dir='ltr'><strong>iussum</strong></span> 
     </span>
    </p>
   </div>
   <div class='ocr_carea' id='block_1_3' title="bbox 489 2017 2262 2703">
    <p class='ocr_par' dir='ltr' id='par_1_3' title="bbox 489 2017 2262 2703">
     <span class='ocr_line' id='line_1_12' title="bbox 639 2017 2260 2119; baseline -0.012 -17"><span class='ocrx_word' id='word_1_121' title='bbox 639 2037 727 2102; x_wconf 85' lang='lat' dir='ltr'><strong>lline</strong></span> <span class='ocrx_word' id='word_1_122' title='bbox 747 2052 828 2102; x_wconf 90' lang='lat' dir='ltr'><strong>vero</strong></span> <span class='ocrx_word' id='word_1_123' title='bbox 842 2030 1026 2119; x_wconf 89' lang='lat' dir='ltr'><strong>potuissent</strong></span> <span class='ocrx_word' id='word_1_124' title='bbox 1052 2033 1168 2114; x_wconf 87' lang='lat' dir='ltr'><strong>putare</strong></span> <span class='ocrx_word' id='word_1_125' title='bbox 1201 2019 1231 2099; x_wconf 72' lang='grc'><strong>5</strong></span> <span class='ocrx_word' id='word_1_126' title='bbox 1260 2030 1296 2092; x_wconf 89' lang='lat' dir='ltr'><strong>et</strong></span> <span class='ocrx_word' id='word_1_127' title='bbox 1321 2021 1354 2100; x_wconf 68' lang='grc'><strong>1)</strong></span> <span class='ocrx_word' id='word_1_128' title='bbox 1377 2031 1453 2091; x_wconf 90' lang='lat' dir='ltr'><strong>tunc</strong></span> <span class='ocrx_word' id='word_1_129' title='bbox 1473 2043 1539 2090; x_wconf 94' lang='lat' dir='ltr'><strong>non</strong></span> <span class='ocrx_word' id='word_1_130' title='bbox 1560 2023 1687 2110; x_wconf 89' lang='lat' dir='ltr'><strong>eodem,</strong></span> <span class='ocrx_word' id='word_1_131' title='bbox 1708 2021 1768 2089; x_wconf 86' lang='lat' dir='ltr'><strong>sed</strong></span> <span class='ocrx_word' id='word_1_132' title='bbox 1785 2020 1928 2088; x_wconf 89' lang='lat' dir='ltr'><strong>diuersis</strong></span> <span class='ocrx_word' id='word_1_133' title='bbox 1950 2017 1984 2083; x_wconf 89' lang='lat' dir='ltr'><strong>in</strong></span> <span class='ocrx_word' id='word_1_134' title='bbox 2005 2017 2188 2102; x_wconf 86' lang='lat' dir='ltr'><strong>segmentis</strong></span> <span class='ocrx_word' id='word_1_135' title='bbox 2201 2037 2260 2105; x_wconf 90' lang='lat' dir='ltr'><strong>ap·</strong></span> 
     </span>
     <span class='ocr_line' id='line_1_13' title="bbox 497 2134 2260 2244; baseline -0.012 -21"><span class='ocrx_word' id='word_1_136' title='bbox 497 2153 651 2244; x_wconf 88' lang='lat' dir='ltr'><strong>paruisse</strong></span> <span class='ocrx_word' id='word_1_137' title='bbox 670 2149 861 2219; x_wconf 85' lang='lat' dir='ltr'><strong>Noachidis.</strong></span> <span class='ocrx_word' id='word_1_138' title='bbox 904 2145 1088 2215; x_wconf 83' lang='lat' dir='ltr'><strong>Curandum</strong></span> <span class='ocrx_word' id='word_1_139' title='bbox 1110 2151 1192 2234; x_wconf 88' lang='lat' dir='ltr'><strong>erat,</strong></span> <span class='ocrx_word' id='word_1_140' title='bbox 1214 2150 1251 2210; x_wconf 94' lang='lat' dir='ltr'><strong>vt</strong></span> <span class='ocrx_word' id='word_1_141' title='bbox 1272 2143 1425 2230; x_wconf 88' lang='lat' dir='ltr'><strong>planetae</strong></span> <span class='ocrx_word' id='word_1_142' title='bbox 1447 2142 1510 2209; x_wconf 91' lang='lat' dir='ltr'><strong>duc</strong></span> <span class='ocrx_word' id='word_1_143' title='bbox 1531 2141 1577 2207; x_wconf 91' lang='lat' dir='ltr'><strong>illi</strong></span> <span class='ocrx_word' id='word_1_144' title='bbox 1599 2141 1658 2207; x_wconf 91' lang='lat' dir='ltr'><strong>sub</strong></span> <span class='ocrx_word' id='word_1_145' title='bbox 1681 2139 1776 2207; x_wconf 86' lang='lat' dir='ltr'><strong>tinem</strong></span> <span class='ocrx_word' id='word_1_146' title='bbox 1804 2136 1925 2204; x_wconf 87' lang='lat' dir='ltr'><strong>Diluuii</strong></span> <span class='ocrx_word' id='word_1_147' title='bbox 1947 2135 2044 2202; x_wconf 89' lang='lat' dir='ltr'><strong>tertio</strong></span> <span class='ocrx_word' id='word_1_148' title='bbox 2067 2134 2209 2202; x_wconf 85' lang='lat' dir='ltr'><strong>Zodiaci</strong></span> <span class='ocrx_word' id='word_1_149' title='bbox 2228 2135 2260 2202; x_wconf 91' lang='lat' dir='ltr'><strong>in</strong></span> 
     </span>
     <span class='ocr_line' id='line_1_14' title="bbox 489 2249 2262 2358; baseline -0.011 -19"><span class='ocrx_word' id='word_1_150' title='bbox 489 2277 665 2358; x_wconf 80' lang='lat' dir='ltr'><strong>segmento</strong></span> <span class='ocrx_word' id='word_1_151' title='bbox 691 2269 853 2336; x_wconf 90' lang='lat' dir='ltr'><strong>coniuncti</strong></span> <span class='ocrx_word' id='word_1_152' title='bbox 874 2266 998 2352; x_wconf 89' lang='lat' dir='ltr'><strong>pariter</strong></span> <span class='ocrx_word' id='word_1_153' title='bbox 1018 2261 1277 2348; x_wconf 84' lang='lat' dir='ltr'><strong>exprimerentur</strong></span> <span class='ocrx_word' id='word_1_154' title='bbox 1297 2261 1480 2347; x_wconf 89' lang='lat' dir='ltr'><strong>alphabeto.</strong></span> <span class='ocrx_word' id='word_1_155' title='bbox 1519 2259 1615 2324; x_wconf 88' lang='lat' dir='ltr'><strong>llauc</strong></span> <span class='ocrx_word' id='word_1_156' title='bbox 1636 2257 1677 2324; x_wconf 92' lang='lat' dir='ltr'><strong>ob</strong></span> <span class='ocrx_word' id='word_1_157' title='bbox 1699 2275 1830 2324; x_wconf 85' lang='lat' dir='ltr'><strong>causam</strong></span> <span class='ocrx_word' id='word_1_158' title='bbox 1851 2253 1949 2320; x_wconf 87' lang='lat' dir='ltr'><strong>Noab</strong></span> <span class='ocrx_word' id='word_1_159' title='bbox 1970 2252 2084 2318; x_wconf 90' lang='lat' dir='ltr'><strong>literas</strong></span> <span class='ocrx_word' id='word_1_160' title='bbox 2106 2249 2159 2318; x_wconf 74' lang='lat' dir='ltr'><strong>ee</strong></span> <span class='ocrx_word' id='word_1_161' title='bbox 2183 2271 2262 2320; x_wconf 88' lang='lat' dir='ltr'><strong>con-</strong></span> 
     </span>
     <span class='ocr_line' id='line_1_15' title="bbox 490 2370 2261 2473; baseline -0.012 -17"><span class='ocrx_word' id='word_1_162' title='bbox 490 2391 597 2457; x_wconf 86' lang='lat' dir='ltr'><strong>stitnit</strong></span> <span class='ocrx_word' id='word_1_163' title='bbox 619 2389 676 2473; x_wconf 89' lang='lat' dir='ltr'><strong>ita,</strong></span> <span class='ocrx_word' id='word_1_164' title='bbox 696 2393 735 2453; x_wconf 91' lang='lat' dir='ltr'><strong>vt</strong></span> <span class='ocrx_word' id='word_1_165' title='bbox 755 2385 859 2472; x_wconf 91' lang='lat' dir='ltr'><strong>prima</strong></span> <span class='ocrx_word' id='word_1_166' title='bbox 878 2381 1006 2450; x_wconf 86' lang='lat' dir='ltr'><strong>vocalis</strong></span> <span class='ocrx_word' id='word_1_167' title='bbox 1029 2398 1099 2444; x_wconf 88' lang='lat' dir='ltr'><strong>cum</strong></span> <span class='ocrx_word' id='word_1_168' title='bbox 1120 2378 1234 2444; x_wconf 92' lang='lat' dir='ltr'><strong>vltima</strong></span> <span class='ocrx_word' id='word_1_169' title='bbox 1262 2383 1352 2444; x_wconf 90' lang='lat' dir='ltr'><strong>certo</strong></span> <span class='ocrx_word' id='word_1_170' title='bbox 1373 2374 1511 2442; x_wconf 86' lang='lat' dir='ltr'><strong>Zodiaci</strong></span> <span class='ocrx_word' id='word_1_171' title='bbox 1532 2377 1566 2441; x_wconf 91' lang='lat' dir='ltr'><strong>in</strong></span> <span class='ocrx_word' id='word_1_172' title='bbox 1586 2375 1659 2454; x_wconf 85' lang='lat' dir='ltr'><strong>loco</strong></span> <span class='ocrx_word' id='word_1_173' title='bbox 1682 2375 1804 2465; x_wconf 76' lang='lat' dir='ltr'><strong>coiret,</strong></span> <span class='ocrx_word' id='word_1_174' title='bbox 1825 2375 1973 2458; x_wconf 84' lang='lat' dir='ltr'><strong>hancque</strong></span> <span class='ocrx_word' id='word_1_175' title='bbox 1990 2370 2029 2435; x_wconf 91' lang='lat' dir='ltr'><strong>ob</strong></span> <span class='ocrx_word' id='word_1_176' title='bbox 2041 2385 2173 2436; x_wconf 87' lang='lat' dir='ltr'><strong>causam</strong></span> <span class='ocrx_word' id='word_1_177' title='bbox 2192 2370 2261 2458; x_wconf 93' lang='lat' dir='ltr'><strong>pri-</strong></span> 
     </span>
     <span class='ocr_line' id='line_1_16' title="bbox 489 2481 2262 2589; baseline -0.011 -16"><span class='ocrx_word' id='word_1_178' title='bbox 489 2523 562 2573; x_wconf 86' lang='lat' dir='ltr'><strong>mes</strong></span> <span class='ocrx_word' id='word_1_179' title='bbox 583 2501 748 2589; x_wconf 89' lang='lat' dir='ltr'><strong>alphabeti</strong></span> <span class='ocrx_word' id='word_1_180' title='bbox 767 2500 882 2566; x_wconf 89' lang='lat' dir='ltr'><strong>literas</strong></span> <span class='ocrx_word' id='word_1_181' title='bbox 902 2516 967 2564; x_wconf 92' lang='lat' dir='ltr'><strong>non</strong></span> <span class='ocrx_word' id='word_1_182' title='bbox 989 2495 1031 2562; x_wconf 92' lang='lat' dir='ltr'><strong>ad</strong></span> <span class='ocrx_word' id='word_1_183' title='bbox 1059 2489 1096 2564; x_wconf 59' lang='lat' dir='ltr'><strong>‘o&#39;</strong></span> <span class='ocrx_word' id='word_1_184' title='bbox 1124 2495 1185 2562; x_wconf 88' lang='lat' dir='ltr'><strong>sed</strong></span> <span class='ocrx_word' id='word_1_185' title='bbox 1206 2493 1250 2561; x_wconf 90' lang='lat' dir='ltr'><strong>ad</strong></span> <span class='ocrx_word' id='word_1_186' title='bbox 1277 2489 1313 2562; x_wconf 90' lang='grc' dir='ltr'>Π</span> <span class='ocrx_word' id='word_1_187' title='bbox 1341 2494 1468 2582; x_wconf 87' lang='lat' dir='ltr'><strong>retulit,</strong></span> <span class='ocrx_word' id='word_1_188' title='bbox 1489 2499 1527 2561; x_wconf 92' lang='lat' dir='ltr'><strong>vt</strong></span> <span class='ocrx_word' id='word_1_189' title='bbox 1554 2495 1713 2576; x_wconf 90' lang='lat' dir='ltr'><strong>sciretur,</strong></span> <span class='ocrx_word' id='word_1_190' title='bbox 1736 2491 1886 2578; x_wconf 88' lang='lat' dir='ltr'><strong>planetas</strong></span> <span class='ocrx_word' id='word_1_191' title='bbox 1914 2487 1945 2564; x_wconf 74' lang='lat' dir='ltr'><strong>l)</strong></span> <span class='ocrx_word' id='word_1_192' title='bbox 1973 2495 2008 2556; x_wconf 91' lang='lat' dir='ltr'><strong>et</strong></span> <span class='ocrx_word' id='word_1_193' title='bbox 2031 2481 2165 2573; x_wconf 72' lang='lat' dir='ltr'><strong>bprima</strong></span> <span class='ocrx_word' id='word_1_194' title='bbox 2191 2484 2262 2554; x_wconf 85' lang='lat' dir='ltr'><strong>Ge·</strong></span> 
     </span>
     <span class='ocr_line' id='line_1_17' title="bbox 492 2614 1257 2703; baseline -0.016 -15"><span class='ocrx_word' id='word_1_195' title='bbox 492 2620 649 2688; x_wconf 92' lang='lat' dir='ltr'><strong>minorum</strong></span> <span class='ocrx_word' id='word_1_196' title='bbox 670 2618 704 2684; x_wconf 94' lang='lat' dir='ltr'><strong>in</strong></span> <span class='ocrx_word' id='word_1_197' title='bbox 720 2622 814 2703; x_wconf 90' lang='lat' dir='ltr'><strong>parte</strong></span> <span class='ocrx_word' id='word_1_198' title='bbox 835 2617 937 2681; x_wconf 86' lang='lat' dir='ltr'><strong>luisse</strong></span> <span class='ocrx_word' id='word_1_199' title='bbox 959 2620 1035 2681; x_wconf 91' lang='lat' dir='ltr'><strong>tuuc</strong></span> <span class='ocrx_word' id='word_1_200' title='bbox 1056 2614 1257 2678; x_wconf 87' lang='lat' dir='ltr'><strong>coniunctos.</strong></span> 
     </span>
    </p>
   </div>
   <div class='ocr_carea' id='block_1_4' title="bbox 1877 1815 2111 1902">
    <p class='ocr_par' dir='ltr' id='par_1_4' title="bbox 1877 1815 2111 1902">
     <span class='ocr_line' id='line_1_18' title="bbox 1877 1815 2111 1902; baseline -0.009 -20"><span class='ocrx_word' id='word_1_201' title='bbox 1877 1821 1912 1882; x_wconf 91' lang='lat' dir='ltr'><strong>et</strong></span> <span class='ocrx_word' id='word_1_202' title='bbox 1933 1815 1983 1883; x_wconf 87' lang='lat' dir='ltr'><strong>aie</strong></span> <span class='ocrx_word' id='word_1_203' title='bbox 2004 1832 2111 1902; x_wconf 89' lang='lat' dir='ltr'><strong>porro.</strong></span> 
     </span>
    </p>
   </div>
   <div class='ocr_carea' id='block_1_5' title="bbox 495 2753 2261 2969">
    <p class='ocr_par' dir='ltr' id='par_1_5' title="bbox 495 2753 2261 2969">
     <span class='ocr_line' id='line_1_19' title="bbox 645 2753 2261 2857; baseline -0.004 -24"><span class='ocrx_word' id='word_1_204' title='bbox 645 2763 694 2857; x_wconf 82' lang='grc'><strong>5)</strong></span> <span class='ocrx_word' id='word_1_205' title='bbox 715 2765 785 2832; x_wconf 86' lang='grc'><strong>155</strong></span> <span class='ocrx_word' id='word_1_206' title='bbox 806 2767 837 2832; x_wconf 87' lang='lat' dir='ltr'><strong>si</strong></span> <span class='ocrx_word' id='word_1_207' title='bbox 858 2765 981 2832; x_wconf 90' lang='lat' dir='ltr'><strong>initium</strong></span> <span class='ocrx_word' id='word_1_208' title='bbox 1001 2763 1179 2850; x_wconf 84' lang='lat' dir='ltr'><strong>alphabeti,</strong></span> <span class='ocrx_word' id='word_1_209' title='bbox 1199 2762 1250 2830; x_wconf 91' lang='lat' dir='ltr'><strong>vti</strong></span> <span class='ocrx_word' id='word_1_210' title='bbox 1272 2762 1336 2830; x_wconf 81' lang='lat' dir='ltr'><strong>lert</strong></span> <span class='ocrx_word' id='word_1_211' title='bbox 1358 2762 1602 2830; x_wconf 84' lang='lat' dir='ltr'><strong>consonantiam</strong></span> <span class='ocrx_word' id='word_1_212' title='bbox 1624 2761 1725 2840; x_wconf 89' lang='lat' dir='ltr'><strong>ratio,</strong></span> <span class='ocrx_word' id='word_1_213' title='bbox 1756 2759 1919 2827; x_wconf 84' lang='lat' dir='ltr'><strong>reseratur</strong></span> <span class='ocrx_word' id='word_1_214' title='bbox 1950 2755 1994 2825; x_wconf 86' lang='lat' dir='ltr'><strong>ad</strong></span> <span class='ocrx_word' id='word_1_215' title='bbox 2027 2753 2166 2845; x_wconf 84' lang='lat' dir='ltr'><strong>Signum</strong></span> <span class='ocrx_word' id='word_1_216' title='bbox 2203 2753 2261 2839; x_wconf 78' lang='lat'><strong>113</strong></span> 
     </span>
     <span class='ocr_line' id='line_1_20' title="bbox 495 2877 1711 2969; baseline -0.008 -17"><span class='ocrx_word' id='word_1_217' title='bbox 495 2883 649 2952; x_wconf 87' lang='lat' dir='ltr'><strong>babemus</strong></span> <span class='ocrx_word' id='word_1_218' title='bbox 669 2881 753 2950; x_wconf 89' lang='lat' dir='ltr'><strong>hanc</strong></span> <span class='ocrx_word' id='word_1_219' title='bbox 773 2882 976 2969; x_wconf 88' lang='lat' dir='ltr'><strong>planetarum</strong></span> <span class='ocrx_word' id='word_1_220' title='bbox 998 2879 1277 2948; x_wconf 86' lang='lat' dir='ltr'><strong>constellationem</strong></span> <span class='ocrx_word' id='word_1_221' title='bbox 1297 2877 1472 2966; x_wconf 86' lang='lat' dir='ltr'><strong>alphabeto</strong></span> <span class='ocrx_word' id='word_1_222' title='bbox 1500 2896 1711 2966; x_wconf 71' lang='lat' dir='ltr'><strong>expressunt</strong></span> 
     </span>
    </p>
   </div>
   <div class='ocr_carea' id='block_1_6' title="bbox 535 3021 2213 3108">
    <p class='ocr_par' dir='ltr' id='par_1_6' title="bbox 535 3021 2213 3108">
     <span class='ocr_line' id='line_1_21' title="bbox 535 3021 2213 3108; baseline -0.007 -4"><span class='ocrx_word' id='word_1_223' title='bbox 535 3027 994 3104; x_wconf 64' lang='lat' dir='ltr'><strong>uestem</strong></span> <span class='ocrx_word' id='word_1_224' title='bbox 1147 3021 2213 3108; x_wconf 48' lang='lat' dir='ltr'><strong>&amp;mosaicarum</strong></span> 
     </span>
    </p>
   </div>
   <div class='ocr_carea' id='block_1_7' title="bbox 494 3127 2389 3238">
    <p class='ocr_par' dir='ltr' id='par_1_7' title="bbox 494 3127 2389 3238">
     <span class='ocr_line' id='line_1_22' title="bbox 494 3127 2389 3238; baseline -0.002 -27"><span class='ocrx_word' id='word_1_225' title='bbox 494 3127 2259 3238; x_wconf 63' lang='lat' dir='ltr'><strong>schulxulnequruqmlderqnlmrrffitnblotlccoqleslprlmutl&#39;vt</strong></span> <span class='ocrx_word' id='word_1_226' title='bbox 2388 3143 2389 3152; x_wconf 69' lang='lat'><em>‘</em></span> 
     </span>
    </p>
   </div>
   <div class='ocr_carea' id='block_1_8' title="bbox 495 3257 2267 3593">
    <p class='ocr_par' dir='ltr' id='par_1_8' title="bbox 495 3257 2267 3593">
     <span class='ocr_line' id='line_1_23' title="bbox 644 3257 2265 3354; baseline -0.004 -20"><span class='ocrx_word' id='word_1_227' title='bbox 644 3269 771 3354; x_wconf 89' lang='lat' dir='ltr'><strong>ltaque,</strong></span> <span class='ocrx_word' id='word_1_228' title='bbox 789 3285 851 3354; x_wconf 89' lang='lat' dir='ltr'><strong>qno</strong></span> <span class='ocrx_word' id='word_1_229' title='bbox 866 3271 1013 3352; x_wconf 89' lang='lat' dir='ltr'><strong>tempore</strong></span> <span class='ocrx_word' id='word_1_230' title='bbox 1038 3264 1247 3352; x_wconf 87' lang='lat' dir='ltr'><strong>alphabetum</strong></span> <span class='ocrx_word' id='word_1_231' title='bbox 1264 3266 1405 3353; x_wconf 87' lang='lat' dir='ltr'><strong>exstitit,</strong></span> <span class='ocrx_word' id='word_1_232' title='bbox 1427 3266 1630 3352; x_wconf 90' lang='lat' dir='ltr'><strong>planetarum</strong></span> <span class='ocrx_word' id='word_1_233' title='bbox 1646 3264 1718 3331; x_wconf 92' lang='lat' dir='ltr'><strong>loca</strong></span> <span class='ocrx_word' id='word_1_234' title='bbox 1734 3263 1864 3330; x_wconf 82' lang='lat' dir='ltr'><strong>fuerunt</strong></span> <span class='ocrx_word' id='word_1_235' title='bbox 1876 3263 1973 3329; x_wconf 84' lang='lat' dir='ltr'><strong>haec:</strong></span> <span class='ocrx_word' id='word_1_236' title='bbox 1996 3263 2020 3347; x_wconf 77' lang='lat' dir='ltr'><strong>i)</strong></span> <span class='ocrx_word' id='word_1_237' title='bbox 2042 3269 2081 3340; x_wconf 81' lang='grc' dir='ltr'>Π</span> <span class='ocrx_word' id='word_1_238' title='bbox 2100 3259 2176 3325; x_wconf 88' lang='grc'><strong>1-</strong></span> <span class='ocrx_word' id='word_1_239' title='bbox 2190 3257 2265 3348; x_wconf 74' lang='grc'>150,</span> 
     </span>
     <span class='ocr_line' id='line_1_24' title="bbox 495 3375 2264 3471; baseline -0.006 -16"><span class='ocrx_word' id='word_1_240' title='bbox 495 3393 588 3470; x_wconf 63' lang='lat' dir='ltr'><strong>litat</strong></span> <span class='ocrx_word' id='word_1_241' title='bbox 610 3383 796 3469; x_wconf 75' lang='lat' dir='ltr'><strong>lii-30⁰,</strong></span> <span class='ocrx_word' id='word_1_242' title='bbox 818 3391 855 3462; x_wconf 62' lang='grc' dir='ltr'><strong>(φ</strong></span> <span class='ocrx_word' id='word_1_243' title='bbox 873 3396 906 3462; x_wconf 81' lang='lat' dir='ltr'><strong>m</strong></span> <span class='ocrx_word' id='word_1_244' title='bbox 931 3379 1478 3471; x_wconf 64' lang='lat' dir='ltr'><strong>15-3e⁰,moptd-e⁰⁰,9</strong></span> <span class='ocrx_word' id='word_1_245' title='bbox 1502 3389 1534 3467; x_wconf 69' lang='lat' dir='ltr'>Q</span> <span class='ocrx_word' id='word_1_246' title='bbox 1557 3377 1809 3465; x_wconf 62' lang='lat' dir='ltr'><strong>1-1d⁰,qm</strong></span> <span class='ocrx_word' id='word_1_247' title='bbox 1833 3379 1853 3442; x_wconf 87' lang='lat'>1</span> <span class='ocrx_word' id='word_1_248' title='bbox 1877 3375 2264 3470; x_wconf 79' lang='lat'><strong>-150,)111-15⁰..</strong></span> 
     </span>
     <span class='ocr_line' id='line_1_25' title="bbox 648 3497 2267 3593; baseline -0.004 -25"><span class='ocrx_word' id='word_1_249' title='bbox 648 3499 697 3593; x_wconf 78' lang='lat'><strong>7)</strong></span> <span class='ocrx_word' id='word_1_250' title='bbox 717 3501 830 3568; x_wconf 84' lang='lat' dir='ltr'><strong>Facile</strong></span> <span class='ocrx_word' id='word_1_251' title='bbox 851 3507 905 3566; x_wconf 90' lang='lat' dir='ltr'><strong>est</strong></span> <span class='ocrx_word' id='word_1_252' title='bbox 936 3505 1140 3584; x_wconf 88' lang='lat' dir='ltr'><strong>computare,</strong></span> <span class='ocrx_word' id='word_1_253' title='bbox 1167 3518 1229 3583; x_wconf 90' lang='lat' dir='ltr'><strong>quo</strong></span> <span class='ocrx_word' id='word_1_254' title='bbox 1256 3505 1404 3584; x_wconf 88' lang='lat' dir='ltr'><strong>tempore</strong></span> <span class='ocrx_word' id='word_1_255' title='bbox 1432 3497 1509 3565; x_wconf 91' lang='lat' dir='ltr'><strong>talis</strong></span> <span class='ocrx_word' id='word_1_256' title='bbox 1539 3498 1743 3584; x_wconf 88' lang='lat' dir='ltr'><strong>planetarum</strong></span> <span class='ocrx_word' id='word_1_257' title='bbox 1765 3499 1967 3566; x_wconf 84' lang='lat' dir='ltr'><strong>constellatio</strong></span> <span class='ocrx_word' id='word_1_258' title='bbox 1990 3498 2093 3566; x_wconf 90' lang='lat' dir='ltr'><strong>locum</strong></span> <span class='ocrx_word' id='word_1_259' title='bbox 2121 3497 2267 3565; x_wconf 87' lang='lat' dir='ltr'><strong>babuerit</strong></span> 
     </span>
    </p>
   </div>
   <div class='ocr_carea' id='block_1_9' title="bbox 497 3609 2388 3703">
    <p class='ocr_par' dir='ltr' id='par_1_9' title="bbox 497 3609 2388 3703">
     <span class='ocr_line' id='line_1_26' title="bbox 497 3609 2388 3703; baseline 0 -19"><span class='ocrx_word' id='word_1_260' title='bbox 497 3619 532 3684; x_wconf 91' lang='lat' dir='ltr'><strong>in</strong></span> <span class='ocrx_word' id='word_1_261' title='bbox 552 3617 686 3703; x_wconf 87' lang='lat' dir='ltr'><strong>generis</strong></span> <span class='ocrx_word' id='word_1_262' title='bbox 703 3617 833 3680; x_wconf 88' lang='lat' dir='ltr'><strong>humani</strong></span> <span class='ocrx_word' id='word_1_263' title='bbox 862 3613 950 3679; x_wconf 82' lang='lat' dir='ltr'><strong>tatis.</strong></span> <span class='ocrx_word' id='word_1_264' title='bbox 994 3609 1135 3677; x_wconf 84' lang='lat' dir='ltr'><strong>Constat</strong></span> <span class='ocrx_word' id='word_1_265' title='bbox 1155 3613 1240 3676; x_wconf 90' lang='lat' dir='ltr'><strong>enim</strong></span> <span class='ocrx_word' id='word_1_266' title='bbox 1268 3633 1488 3700; x_wconf 85' lang='lat' dir='ltr'><strong>quamcunque</strong></span> <span class='ocrx_word' id='word_1_267' title='bbox 1509 3623 1637 3700; x_wconf 88' lang='lat' dir='ltr'><strong>septem</strong></span> <span class='ocrx_word' id='word_1_268' title='bbox 1659 3616 1862 3701; x_wconf 84' lang='lat' dir='ltr'><strong>planetarum</strong></span> <span class='ocrx_word' id='word_1_269' title='bbox 1874 3617 2157 3683; x_wconf 86' lang='lat' dir='ltr'><strong>constellationem</strong></span> <span class='ocrx_word' id='word_1_270' title='bbox 2168 3613 2269 3684; x_wconf 86' lang='lat' dir='ltr'><strong>semel</strong></span> <span class='ocrx_word' id='word_1_271' title='bbox 2387 3649 2388 3684; x_wconf 86' lang='lat' dir='ltr'><strong>l</strong></span> 
     </span>
    </p>
   </div>
   <div class='ocr_carea' id='block_1_10' title="bbox 497 3723 2275 4172">
    <p class='ocr_par' dir='ltr' id='par_1_10' title="bbox 497 3723 2275 4172">
     <span class='ocr_line' id='line_1_27' title="bbox 497 3723 2270 3820; baseline -0.001 -19"><span class='ocrx_word' id='word_1_272' title='bbox 497 3738 624 3802; x_wconf 82' lang='lat' dir='ltr'><strong>mutum</strong></span> <span class='ocrx_word' id='word_1_273' title='bbox 646 3732 679 3796; x_wconf 93' lang='lat' dir='ltr'><strong>iu</strong></span> <span class='ocrx_word' id='word_1_274' title='bbox 700 3730 838 3798; x_wconf 86' lang='lat' dir='ltr'><strong>historia</strong></span> <span class='ocrx_word' id='word_1_275' title='bbox 858 3723 994 3796; x_wconf 89' lang='lat' dir='ltr'><strong>venisse</strong></span> <span class='ocrx_word' id='word_1_276' title='bbox 1016 3744 1078 3793; x_wconf 90' lang='lat' dir='ltr'><strong>nec</strong></span> <span class='ocrx_word' id='word_1_277' title='bbox 1099 3724 1207 3793; x_wconf 88' lang='lat' dir='ltr'><strong>redire</strong></span> <span class='ocrx_word' id='word_1_278' title='bbox 1228 3746 1339 3813; x_wconf 85' lang='lat' dir='ltr'><strong>posse,</strong></span> <span class='ocrx_word' id='word_1_279' title='bbox 1363 3731 1393 3794; x_wconf 91' lang='lat' dir='ltr'><strong>si</strong></span> <span class='ocrx_word' id='word_1_280' title='bbox 1413 3748 1477 3796; x_wconf 93' lang='lat' dir='ltr'><strong>uon</strong></span> <span class='ocrx_word' id='word_1_281' title='bbox 1502 3738 1577 3816; x_wconf 89' lang='lat' dir='ltr'><strong>post</strong></span> <span class='ocrx_word' id='word_1_282' title='bbox 1599 3729 1760 3796; x_wconf 76' lang='lat' dir='ltr'><strong>aroccc</strong></span> <span class='ocrx_word' id='word_1_283' title='bbox 1784 3748 1901 3818; x_wconf 87' lang='lat' dir='ltr'><strong>annos,</strong></span> <span class='ocrx_word' id='word_1_284' title='bbox 1923 3732 1977 3796; x_wconf 84' lang='lat' dir='ltr'><strong>vel</strong></span> <span class='ocrx_word' id='word_1_285' title='bbox 1998 3735 2185 3802; x_wconf 89' lang='lat' dir='ltr'><strong>accuratius</strong></span> <span class='ocrx_word' id='word_1_286' title='bbox 2197 3739 2270 3820; x_wconf 89' lang='lat' dir='ltr'><strong>post</strong></span> 
     </span>
     <span class='ocr_line' id='line_1_28' title="bbox 497 3830 2270 3935; baseline 0 -19"><span class='ocrx_word' id='word_1_287' title='bbox 497 3830 597 3917; x_wconf 72' lang='lat' dir='ltr'><strong>millra</strong></span> <span class='ocrx_word' id='word_1_288' title='bbox 618 3847 760 3914; x_wconf 88' lang='lat' dir='ltr'><strong>millium.</strong></span> <span class='ocrx_word' id='word_1_289' title='bbox 824 3847 934 3915; x_wconf 83' lang='lat' dir='ltr'><strong>Docet</strong></span> <span class='ocrx_word' id='word_1_290' title='bbox 956 3851 1064 3912; x_wconf 88' lang='lat' dir='ltr'><strong>autem</strong></span> <span class='ocrx_word' id='word_1_291' title='bbox 1091 3845 1607 3935; x_wconf 87' lang='lat' dir='ltr'><strong>computatio,constellationem</strong></span> <span class='ocrx_word' id='word_1_292' title='bbox 1637 3846 1811 3933; x_wconf 86' lang='lat' dir='ltr'><strong>alphabeto</strong></span> <span class='ocrx_word' id='word_1_293' title='bbox 1844 3865 2039 3934; x_wconf 85' lang='lat' dir='ltr'><strong>expressam</strong></span> <span class='ocrx_word' id='word_1_294' title='bbox 2061 3851 2131 3918; x_wconf 90' lang='lat' dir='ltr'><strong>solo</strong></span> <span class='ocrx_word' id='word_1_295' title='bbox 2153 3850 2210 3919; x_wconf 88' lang='lat' dir='ltr'><strong>die</strong></span> <span class='ocrx_word' id='word_1_296' title='bbox 2235 3850 2270 3916; x_wconf 79' lang='lat'><strong>7.</strong></span> 
     </span>
     <span class='ocr_line' id='line_1_29' title="bbox 497 3959 2273 4058; baseline 0.002 -24"><span class='ocrx_word' id='word_1_297' title='bbox 497 3966 595 4054; x_wconf 80' lang='lat' dir='ltr'><strong>Sept.</strong></span> <span class='ocrx_word' id='word_1_298' title='bbox 617 3966 694 4032; x_wconf 86' lang='lat' dir='ltr'><strong>anni</strong></span> <span class='ocrx_word' id='word_1_299' title='bbox 718 3963 824 4032; x_wconf 72' lang='lat'><strong>3446</strong></span> <span class='ocrx_word' id='word_1_300' title='bbox 846 3984 878 4031; x_wconf 92' lang='lat' dir='ltr'><strong>a.</strong></span> <span class='ocrx_word' id='word_1_301' title='bbox 903 3959 991 4052; x_wconf 77' lang='lat' dir='ltr'><strong>Chr,</strong></span> <span class='ocrx_word' id='word_1_302' title='bbox 1013 3982 1075 4049; x_wconf 93' lang='lat' dir='ltr'><strong>quo</strong></span> <span class='ocrx_word' id='word_1_303' title='bbox 1096 3962 1150 4031; x_wconf 90' lang='lat' dir='ltr'><strong>die</strong></span> <span class='ocrx_word' id='word_1_304' title='bbox 1171 3963 1336 4032; x_wconf 81' lang='lat' dir='ltr'><strong>Diluntum</strong></span> <span class='ocrx_word' id='word_1_305' title='bbox 1358 3964 1559 4031; x_wconf 88' lang='lat' dir='ltr'><strong>Noachicum</strong></span> <span class='ocrx_word' id='word_1_306' title='bbox 1580 3962 1691 4052; x_wconf 88' lang='lat' dir='ltr'><strong>desiit,</strong></span> <span class='ocrx_word' id='word_1_307' title='bbox 1710 3965 1883 4034; x_wconf 86' lang='lat' dir='ltr'><strong>accidisse.</strong></span> <span class='ocrx_word' id='word_1_308' title='bbox 1927 3964 2051 4034; x_wconf 89' lang='lat' dir='ltr'><strong>Contra</strong></span> <span class='ocrx_word' id='word_1_309' title='bbox 2062 3971 2117 4056; x_wconf 89' lang='lat' dir='ltr'><strong>qui</strong></span> <span class='ocrx_word' id='word_1_310' title='bbox 2138 3989 2273 4058; x_wconf 88' lang='lat' dir='ltr'><strong>compu-</strong></span> 
     </span>
     <span class='ocr_line' id='line_1_30' title="bbox 498 4074 2275 4172; baseline 0.001 -21"><span class='ocrx_word' id='word_1_311' title='bbox 498 4083 629 4172; x_wconf 89' lang='lat' dir='ltr'><strong>tauerit,</strong></span> <span class='ocrx_word' id='word_1_312' title='bbox 649 4083 755 4170; x_wconf 87' lang='lat' dir='ltr'><strong>qualis</strong></span> <span class='ocrx_word' id='word_1_313' title='bbox 783 4083 985 4169; x_wconf 85' lang='lat' dir='ltr'><strong>planetarum</strong></span> <span class='ocrx_word' id='word_1_314' title='bbox 1010 4081 1047 4154; x_wconf 86' lang='grc' dir='ltr'>Θ</span> <span class='ocrx_word' id='word_1_315' title='bbox 1081 4079 1112 4157; x_wconf 81' lang='lat' dir='ltr'><strong>l)</strong></span> <span class='ocrx_word' id='word_1_316' title='bbox 1149 4081 1171 4157; x_wconf 65' lang='grc'>9</span> <span class='ocrx_word' id='word_1_317' title='bbox 1210 4085 1234 4155; x_wconf 79' lang='grc' dir='ltr'><strong>Ω</strong></span> <span class='ocrx_word' id='word_1_318' title='bbox 1265 4074 1296 4154; x_wconf 70' lang='grc' dir='ltr'><em>ὃ</em></span> <span class='ocrx_word' id='word_1_319' title='bbox 1323 4083 1356 4156; x_wconf 71' lang='lat' dir='ltr'><strong>tt</strong></span> <span class='ocrx_word' id='word_1_320' title='bbox 1396 4076 1420 4160; x_wconf 77' lang='lat' dir='ltr'><strong>i)</strong></span> <span class='ocrx_word' id='word_1_321' title='bbox 1459 4081 1664 4150; x_wconf 87' lang='lat' dir='ltr'><strong>constellatio</strong></span> <span class='ocrx_word' id='word_1_322' title='bbox 1686 4082 1785 4149; x_wconf 84' lang='lat' dir='ltr'><strong>tuerit</strong></span> <span class='ocrx_word' id='word_1_323' title='bbox 1806 4080 1859 4150; x_wconf 91' lang='lat' dir='ltr'><strong>die</strong></span> <span class='ocrx_word' id='word_1_324' title='bbox 1883 4081 1919 4148; x_wconf 76' lang='lat'><strong>7.</strong></span> <span class='ocrx_word' id='word_1_325' title='bbox 1940 4083 2035 4170; x_wconf 82' lang='lat' dir='ltr'><strong>Sept</strong></span> <span class='ocrx_word' id='word_1_326' title='bbox 2061 4084 2138 4148; x_wconf 88' lang='lat' dir='ltr'><strong>anni</strong></span> <span class='ocrx_word' id='word_1_327' title='bbox 2161 4081 2275 4152; x_wconf 81' lang='grc'>3445</span> 
     </span>
    </p>
   </div>
   <div class='ocr_carea' id='block_1_11' title="bbox 498 4195 2386 4290">
    <p class='ocr_par' dir='ltr' id='par_1_11' title="bbox 498 4195 2386 4290">
     <span class='ocr_line' id='line_1_31' title="bbox 498 4195 2386 4290; baseline -0.004 -23"><span class='ocrx_word' id='word_1_328' title='bbox 498 4221 530 4268; x_wconf 84' lang='grc'>5.</span> <span class='ocrx_word' id='word_1_329' title='bbox 559 4199 647 4290; x_wconf 78' lang='lat' dir='ltr'><strong>Chr,</strong></span> <span class='ocrx_word' id='word_1_330' title='bbox 676 4219 738 4287; x_wconf 90' lang='lat' dir='ltr'><strong>quo</strong></span> <span class='ocrx_word' id='word_1_331' title='bbox 770 4200 965 4266; x_wconf 90' lang='lat' dir='ltr'><strong>certissimis</strong></span> <span class='ocrx_word' id='word_1_332' title='bbox 994 4199 1174 4265; x_wconf 89' lang='lat' dir='ltr'><strong>decausis</strong></span> <span class='ocrx_word' id='word_1_333' title='bbox 1205 4197 1368 4266; x_wconf 89' lang='lat' dir='ltr'><strong>Dituuium</strong></span> <span class='ocrx_word' id='word_1_334' title='bbox 1396 4201 1519 4290; x_wconf 81' lang='lat' dir='ltr'><strong>cessit3</strong></span> <span class='ocrx_word' id='word_1_335' title='bbox 1554 4200 1585 4266; x_wconf 91' lang='lat' dir='ltr'><strong>is</strong></span> <span class='ocrx_word' id='word_1_336' title='bbox 1614 4199 1775 4267; x_wconf 91' lang='lat' dir='ltr'><strong>inuenerit</strong></span> <span class='ocrx_word' id='word_1_337' title='bbox 1795 4201 1946 4286; x_wconf 85' lang='lat' dir='ltr'><strong>planetas</strong></span> <span class='ocrx_word' id='word_1_338' title='bbox 1973 4195 2107 4267; x_wconf 77' lang='lat' dir='ltr'><strong>zodiaci</strong></span> <span class='ocrx_word' id='word_1_339' title='bbox 2129 4197 2163 4260; x_wconf 94' lang='lat' dir='ltr'><strong>in</strong></span> <span class='ocrx_word' id='word_1_340' title='bbox 2191 4219 2278 4284; x_wconf 77' lang='lat' dir='ltr'><strong>par.</strong></span> <span class='ocrx_word' id='word_1_341' title='bbox 2385 4241 2386 4254; x_wconf 42' lang='lat' dir='ltr'><strong>r</strong></span> 
     </span>
    </p>
   </div>
   <div class='ocr_carea' id='block_1_12' title="bbox 499 4311 2276 4988">
    <p class='ocr_par' dir='ltr' id='par_1_12' title="bbox 499 4311 2276 4522">
     <span class='ocr_line' id='line_1_32' title="bbox 499 4311 2276 4406; baseline 0.003 -24"><span class='ocrx_word' id='word_1_342' title='bbox 499 4315 586 4382; x_wconf 88' lang='lat' dir='ltr'><strong>tibus</strong></span> <span class='ocrx_word' id='word_1_343' title='bbox 608 4317 733 4401; x_wconf 90' lang='lat' dir='ltr'><strong>positos</strong></span> <span class='ocrx_word' id='word_1_344' title='bbox 760 4315 894 4406; x_wconf 86' lang='lat' dir='ltr'><strong>iisdem,</strong></span> <span class='ocrx_word' id='word_1_345' title='bbox 921 4316 1035 4402; x_wconf 92' lang='lat' dir='ltr'><strong>quibus</strong></span> <span class='ocrx_word' id='word_1_346' title='bbox 1056 4315 1192 4382; x_wconf 86' lang='lat' dir='ltr'><strong>vocales</strong></span> <span class='ocrx_word' id='word_1_347' title='bbox 1213 4319 1419 4382; x_wconf 89' lang='lat' dir='ltr'><strong>continentur</strong></span> <span class='ocrx_word' id='word_1_348' title='bbox 1440 4317 1474 4382; x_wconf 83' lang='lat' dir='ltr'><strong>ia</strong></span> <span class='ocrx_word' id='word_1_349' title='bbox 1496 4316 1679 4402; x_wconf 88' lang='lat' dir='ltr'><strong>alphabetis</strong></span> <span class='ocrx_word' id='word_1_350' title='bbox 1701 4318 1805 4384; x_wconf 84' lang='lat' dir='ltr'><strong>variis</strong></span> <span class='ocrx_word' id='word_1_351' title='bbox 1827 4319 2001 4402; x_wconf 85' lang='lat' dir='ltr'><strong>Hebraico,</strong></span> <span class='ocrx_word' id='word_1_352' title='bbox 2029 4311 2177 4396; x_wconf 82' lang='lat' dir='ltr'><strong>Graeco,</strong></span> <span class='ocrx_word' id='word_1_353' title='bbox 2199 4315 2276 4387; x_wconf 73' lang='lat' dir='ltr'><strong>lra-</strong></span> 
     </span>
     <span class='ocr_line' id='line_1_33' title="bbox 499 4429 1775 4522; baseline 0.003 -26"><span class='ocrx_word' id='word_1_354' title='bbox 499 4429 579 4520; x_wconf 90' lang='lat' dir='ltr'><strong>tiuo,</strong></span> <span class='ocrx_word' id='word_1_355' title='bbox 603 4434 820 4522; x_wconf 84' lang='lat' dir='ltr'><strong>Aegyptiace,</strong></span> <span class='ocrx_word' id='word_1_356' title='bbox 841 4432 1111 4520; x_wconf 86' lang='lat' dir='ltr'><strong>cuneolormibus,</strong></span> <span class='ocrx_word' id='word_1_357' title='bbox 1129 4429 1290 4510; x_wconf 86' lang='lat' dir='ltr'><strong>Zendico‚</strong></span> <span class='ocrx_word' id='word_1_358' title='bbox 1312 4431 1481 4522; x_wconf 89' lang='lat' dir='ltr'><strong>Pebluico,</strong></span> <span class='ocrx_word' id='word_1_359' title='bbox 1503 4430 1615 4500; x_wconf 88' lang='lat' dir='ltr'><strong>Indico</strong></span> <span class='ocrx_word' id='word_1_360' title='bbox 1636 4435 1775 4521; x_wconf 89' lang='lat' dir='ltr'><strong>aliisque</strong></span> 
     </span>
    </p>

    <p class='ocr_par' dir='ltr' id='par_1_13' title="bbox 500 4545 2273 4988">
     <span class='ocr_line' id='line_1_34' title="bbox 651 4545 2273 4638; baseline 0.006 -26"><span class='ocrx_word' id='word_1_361' title='bbox 651 4547 766 4634; x_wconf 89' lang='lat' dir='ltr'><strong>ltaque</strong></span> <span class='ocrx_word' id='word_1_362' title='bbox 794 4547 1049 4616; x_wconf 89' lang='lat' dir='ltr'><strong>concludendum</strong></span> <span class='ocrx_word' id='word_1_363' title='bbox 1071 4555 1141 4638; x_wconf 91' lang='lat' dir='ltr'><strong>est,</strong></span> <span class='ocrx_word' id='word_1_364' title='bbox 1174 4547 1378 4635; x_wconf 89' lang='lat' dir='ltr'><strong>alphabetum</strong></span> <span class='ocrx_word' id='word_1_365' title='bbox 1409 4555 1553 4614; x_wconf 89' lang='lat' dir='ltr'><strong>nostrum</strong></span> <span class='ocrx_word' id='word_1_366' title='bbox 1589 4569 1705 4618; x_wconf 89' lang='lat' dir='ltr'><strong>reuera</strong></span> <span class='ocrx_word' id='word_1_367' title='bbox 1734 4558 1836 4618; x_wconf 92' lang='lat' dir='ltr'><strong>ortum</strong></span> <span class='ocrx_word' id='word_1_368' title='bbox 1865 4565 1943 4614; x_wconf 90' lang='lat' dir='ltr'><strong>esse</strong></span> <span class='ocrx_word' id='word_1_369' title='bbox 1973 4567 2060 4615; x_wconf 91' lang='lat' dir='ltr'><strong>auno</strong></span> <span class='ocrx_word' id='word_1_370' title='bbox 2089 4545 2201 4617; x_wconf 80' lang='lat'><strong>3446</strong></span> <span class='ocrx_word' id='word_1_371' title='bbox 2242 4573 2273 4622; x_wconf 88' lang='grc'><strong>5.</strong></span> 
     </span>
     <span class='ocr_line' id='line_1_35' title="bbox 500 4659 2272 4758; baseline 0.004 -27"><span class='ocrx_word' id='word_1_372' title='bbox 500 4659 577 4731; x_wconf 82' lang='lat' dir='ltr'><strong>Chr.</strong></span> <span class='ocrx_word' id='word_1_373' title='bbox 600 4682 641 4731; x_wconf 90' lang='lat' dir='ltr'><strong>ea</strong></span> <span class='ocrx_word' id='word_1_374' title='bbox 663 4665 770 4731; x_wconf 83' lang='lat' dir='ltr'><strong>Asiae</strong></span> <span class='ocrx_word' id='word_1_375' title='bbox 790 4666 823 4731; x_wconf 92' lang='lat' dir='ltr'><strong>in</strong></span> <span class='ocrx_word' id='word_1_376' title='bbox 844 4671 950 4755; x_wconf 88' lang='lat' dir='ltr'><strong>parte,</strong></span> <span class='ocrx_word' id='word_1_377' title='bbox 971 4685 1015 4732; x_wconf 89' lang='lat' dir='ltr'><strong>ex</strong></span> <span class='ocrx_word' id='word_1_378' title='bbox 1035 4685 1099 4753; x_wconf 93' lang='lat' dir='ltr'><strong>qua</strong></span> <span class='ocrx_word' id='word_1_379' title='bbox 1121 4685 1233 4733; x_wconf 88' lang='lat' dir='ltr'><strong>omnes</strong></span> <span class='ocrx_word' id='word_1_380' title='bbox 1254 4667 1405 4733; x_wconf 89' lang='lat' dir='ltr'><strong>nationes</strong></span> <span class='ocrx_word' id='word_1_381' title='bbox 1426 4672 1504 4753; x_wconf 79' lang='lat' dir='ltr'><strong>peut</strong></span> <span class='ocrx_word' id='word_1_382' title='bbox 1524 4665 1686 4735; x_wconf 83' lang='lat' dir='ltr'><strong>lliluuium</strong></span> <span class='ocrx_word' id='word_1_383' title='bbox 1708 4671 1938 4755; x_wconf 89' lang='lat' dir='ltr'><strong>prouenerunt,</strong></span> <span class='ocrx_word' id='word_1_384' title='bbox 1958 4672 2058 4753; x_wconf 88' lang='lat' dir='ltr'><strong>atque</strong></span> <span class='ocrx_word' id='word_1_385' title='bbox 2080 4685 2120 4733; x_wconf 92' lang='lat' dir='ltr'><strong>eo</strong></span> <span class='ocrx_word' id='word_1_386' title='bbox 2143 4687 2164 4734; x_wconf 88' lang='lat' dir='ltr'><strong>a</strong></span> <span class='ocrx_word' id='word_1_387' title='bbox 2187 4670 2272 4758; x_wconf 89' lang='lat' dir='ltr'><strong>viro,</strong></span> 
     </span>
     <span class='ocr_line' id='line_1_36' title="bbox 501 4776 2271 4871; baseline 0.001 -21"><span class='ocrx_word' id='word_1_388' title='bbox 501 4781 554 4850; x_wconf 85' lang='lat' dir='ltr'><strong>eni</strong></span> <span class='ocrx_word' id='word_1_389' title='bbox 580 4779 869 4869; x_wconf 86' lang='lat' dir='ltr'><strong>Sancbuniathon,</strong></span> <span class='ocrx_word' id='word_1_390' title='bbox 897 4781 1060 4871; x_wconf 85' lang='lat' dir='ltr'><strong>Berosus,</strong></span> <span class='ocrx_word' id='word_1_391' title='bbox 1089 4781 1209 4850; x_wconf 88' lang='lat' dir='ltr'><strong>Graeci</strong></span> <span class='ocrx_word' id='word_1_392' title='bbox 1231 4783 1348 4869; x_wconf 87' lang='lat' dir='ltr'><strong>aliique</strong></span> <span class='ocrx_word' id='word_1_393' title='bbox 1370 4782 1535 4868; x_wconf 85' lang='lat' dir='ltr'><strong>alphabeti</strong></span> <span class='ocrx_word' id='word_1_394' title='bbox 1561 4784 1781 4852; x_wconf 88' lang='lat' dir='ltr'><strong>incentionem</strong></span> <span class='ocrx_word' id='word_1_395' title='bbox 1797 4776 2068 4870; x_wconf 84' lang='lat' dir='ltr'><strong>&#39;adscripserunt</strong></span> <span class='ocrx_word' id='word_1_396' title='bbox 2115 4781 2271 4855; x_wconf 82' lang='lat' dir='ltr'><strong>Ceterum</strong></span> 
     </span>
     <span class='ocr_line' id='line_1_37' title="bbox 500 4897 2267 4988; baseline 0.001 -22"><span class='ocrx_word' id='word_1_397' title='bbox 500 4897 587 4968; x_wconf 89' lang='lat' dir='ltr'><strong>hanc</strong></span> <span class='ocrx_word' id='word_1_398' title='bbox 607 4918 677 4967; x_wconf 87' lang='lat' dir='ltr'><strong>rem</strong></span> <span class='ocrx_word' id='word_1_399' title='bbox 698 4918 763 4967; x_wconf 93' lang='lat' dir='ltr'><strong>non</strong></span> <span class='ocrx_word' id='word_1_400' title='bbox 783 4899 867 4966; x_wconf 88' lang='lat' dir='ltr'><strong>leuis</strong></span> <span class='ocrx_word' id='word_1_401' title='bbox 888 4900 1041 4966; x_wconf 90' lang='lat' dir='ltr'><strong>momenti</strong></span> <span class='ocrx_word' id='word_1_402' title='bbox 1062 4919 1140 4970; x_wconf 91' lang='lat' dir='ltr'><strong>esse</strong></span> <span class='ocrx_word' id='word_1_403' title='bbox 1161 4903 1195 4968; x_wconf 92' lang='lat' dir='ltr'><strong>in</strong></span> <span class='ocrx_word' id='word_1_404' title='bbox 1216 4901 1334 4967; x_wconf 89' lang='lat' dir='ltr'><strong>multas</strong></span> <span class='ocrx_word' id='word_1_405' title='bbox 1355 4899 1514 4966; x_wconf 88' lang='lat' dir='ltr'><strong>scientiae</strong></span> <span class='ocrx_word' id='word_1_406' title='bbox 1528 4908 1662 4971; x_wconf 87' lang='lat' dir='ltr'><strong>nostrae</strong></span> <span class='ocrx_word' id='word_1_407' title='bbox 1683 4907 1812 4988; x_wconf 87' lang='lat' dir='ltr'><strong>partes,</strong></span> <span class='ocrx_word' id='word_1_408' title='bbox 1837 4917 1931 4968; x_wconf 91' lang='lat' dir='ltr'><strong>nemo</strong></span> <span class='ocrx_word' id='word_1_409' title='bbox 1953 4920 2016 4968; x_wconf 91' lang='lat' dir='ltr'><strong>non</strong></span> <span class='ocrx_word' id='word_1_410' title='bbox 2030 4900 2267 4974; x_wconf 87' lang='lat' dir='ltr'><strong>animaduertit.</strong></span> 
     </span>
    </p>
   </div>
   <div class='ocr_carea' id='block_1_13' title="bbox 0 0 2414 6100">
    <p class='ocr_par' dir='ltr' id='par_1_14' title="bbox 0 0 2414 6100">
     <span class='ocr_line' id='line_1_38' title="bbox 0 0 2414 6100; baseline 0 0"><span class='ocrx_word' id='word_1_411' title='bbox 0 0 2414 6100; x_wconf 95' lang='lat' dir='ltr'><strong> </strong></span> 
     </span>
    </p>
   </div>
  </div>
 </body>
</html>
