4796 6106
472 845 681 924 lineamentis
709 851 863 914 constare
897 848 996 934 atque
1030 869 1074 927 „p
1138 842 1213 910 Huc
1240 841 1389 931 aceedit,
1415 839 1502 930 quod
1523 838 1692 908 Persicum
1718 856 1848 928 quoque
1869 837 2079 926 alphabetum
2099 843 2247 913 mutnet

472 977 600 1059 septem
620 965 766 1047 vocales,
796 964 942 1035 nimirum
969 964 1103 1050 praeter
1135 958 1231 1027 tritas
1259 959 1334 1028 illas
1361 959 1461 1027 etiam
1481 970 1532 1043 ζ
1547 964 1584 1033 et
1604 971 1660 1036 eo,
1672 975 1756 1046 quas
1776 974 1871 1026 nemo
1893 974 1964 1024 eum
1984 957 2114 1044 vulgari
2133 971 2247 1028 om.

470 1087 553 1159 rudit
574 1101 719 1174 quaeque
740 1082 871 1150 multum
900 1077 1120 1146 similitudinis
1147 1097 1220 1146 enm
1249 1075 1360 1144 Culleo
1387 1111 1444 1160 ρ,
1464 1083 1502 1143 et
1525 1102 1563 1160 χ
1579 1075 1710 1143 habenu-
1759 1073 1911 1160 Denique
1938 1073 2102 1143 Graecum
2128 1075 2249 1162 alpha·

472 1208 581 1276 betam
601 1206 678 1291 post
697 1201 717 1281 ζ
735 1225 779 1260 =1
798 1206 809 1262 l
825 1197 936 1264 babuit
955 1195 1115 1284 vocalem,
1136 1212 1220 1281 quae
1241 1195 1421 1282 antiquitus
1441 1194 1483 1260 ab
1506 1191 1936 1282 b=Hparomdtaerret,
1956 1193 2106 1262 nimirum
2118 1195 2162 1259 H
2170 1219 2248 1276 πη

475 1325 507 1414 d,
526 1328 624 1408 atque
645 1317 731 1386 haud
753 1316 849 1384 dubie
870 1339 898 1380 ει
917 1313 1125 1401 Delphicum,
1147 1311 1297 1380 vocalem
1318 1308 1339 1377 e'
1360 1312 1490 1398 inquam
1510 1311 1619 1379 serius
1638 1309 1811 1398 perditam.
1843 1309 1935 1393 Quas
1956 1311 2085 1397 quidem
2100 1312 2143 1379 ob
2165 1329 2247 1380 can-

472 1459 530 1508 aas
552 1437 610 1506 vix
631 1453 671 1504 ac
692 1453 735 1502 ne
755 1434 815 1501 vix
837 1431 966 1520 quidem
988 1431 1137 1498 dubitare
1159 1429 1249 1516 lieet,
1273 1429 1351 1515 quin
1372 1429 1415 1495 de
1436 1433 1566 1516 sepiem
1587 1428 1739 1497 Indorum
1759 1427 1931 1498 vocalibus
1943 1429 2095 1496 insolitae
2109 1435 2249 1500 nostrae

474 1559 556 1626 liet
577 1556 623 1622 lri
643 1558 791 1623 nonnum
812 1559 846 1619 et
868 1569 985 1618 nonum
1006 1549 1040 1616 in
1061 1547 1237 1636 alphabeto
1257 1547 1362 1614 locum
1383 1547 1562 1614 tenuerint.
1626 1545 1720 1616 Sane
1740 1555 1829 1637 sunt,
1856 1564 1940 1634 qnae
1962 1545 2036 1612 huie
2057 1549 2250 1618 sententiae

471 1679 606 1743 nostrae
627 1670 759 1738 obstare
781 1668 964 1749 videantur,
985 1671 1186 1752 argumenta.
1231 1661 1404 1733 obieceris
1430 1699 1444 1727 ι
1471 1665 1498 1730 li
1521 1672 1556 1732 et
1577 1687 1602 1723 o
1623 1665 1668 1732 tri
1687 1683 1754 1733 non
1774 1683 1854 1734 esse
1874 1663 2019 1746 vocales,
2041 1663 2103 1732 sed
2124 1683 2246 1733 conso-

471 1811 543 1862 nas.
585 1795 634 1856 At
656 1786 864 1856 Grammatiei
885 1784 990 1852 indici
1010 1792 1146 1852 veteres
1168 1801 1280 1850 omnes
1301 1783 1430 1852 omnino
1450 1783 1577 1852 diserte
1602 1817 1617 1846 ι
1644 1789 1680 1850 et
1701 1807 1726 1843 u
1739 1783 1907 1852 vocalibus
1928 1781 2152 1850 adnumerant.
2171 1783 2246 1852 lta·

475 1929 539 1998 que
560 1906 648 1977 haud
668 1902 879 1993 improbabile
900 1907 965 1992 est,
986 1902 1046 1970 bas
1067 1901 1201 1969 vocales
1222 1899 1355 1988 proprie
1375 1902 1464 1969 ivel
1491 1901 1652 1970 simillime
1678 1903 1840 1971 sonnisse.
1862 1900 1938 1977 Quo
1959 1899 2180 1987 explicaretur
2200 1902 2245 1990 id,

473 2025 556 2107 quod
577 2022 700 2091 Graeci
720 2027 797 2109 pust
818 2021 837 2101 ζ
855 2020 975 2088 habent
996 2043 1016 2099 η
1038 2024 1073 2086 et
1093 2043 1132 2108 oe,
1153 2017 1239 2106 qnod
1260 2017 1360 2087 Persi
1381 2033 1419 2090 ee
1444 2037 1497 2074 =
1526 2048 1563 2105 ς
1590 2029 1626 2088 et
1646 2031 1759 2105 ζα·-
1777 2056 1834 2105 0,
1861 2020 2116 2106 pronunciamut
2140 2018 2247 2086 instar

471 2149 548 2212 eet
567 2142 591 2229 ι’,
612 2140 697 2228 quod
720 2139 859 2226 denique
880 2137 1013 2204 Arabes
1033 2136 1225 2221 Persaeque
1247 2133 1429 2222 promiscue
1455 2145 1618 2226 usurpant
1642 2165 1672 2223 „q
1702 2167 1738 2224 ς
1759 2143 1794 2206 et
1819 2173 1892 2222 k.
1965 2133 2082 2205 Serins
2118 2135 2247 2204 demum

471 2259 524 2328 bis
546 2278 617 2326 cum
638 2256 804 2325 vocalibus
826 2254 901 2322 lndi
922 2272 1024 2323 sonos
1044 2255 1059 2321 l
1078 2259 1112 2322 et
1132 2254 1165 2320 ir
1187 2253 1398 2322 coniunxisse
1419 2255 1605 2324 medentur.
1641 2257 1715 2324 Nec
1736 2255 1945 2344 improbabile
1967 2254 2008 2322 ab
2030 2253 2118 2322 omni
2139 2261 2248 2342 parte,

472 2376 725 2446 Grammatieum
746 2373 901 2456 Indicum,
922 2379 1069 2441 emortua
1090 2371 1202 2458 lingua
1222 2369 1439 2462 Senseritiea,
1458 2373 1595 2441 vocales
1621 2399 1637 2428 ι
1663 2379 1699 2442 et
1718 2371 1830 2440 uideo
1845 2375 1925 2440 riet
1938 2373 1984 2440 irt
1999 2375 2245 2459 pronunciasse,

472 2496 622 2584 quoniam
647 2529 662 2558 e
689 2500 725 2559 et
746 2513 771 2546 o
791 2490 973 2558 simillimae
994 2493 1111 2556 esseut
1131 2487 1285 2556 consonis
1305 2508 1327 2555 r
1347 2496 1383 2557 et
1404 2491 1446 2556 ir.
1489 2491 1649 2560 Nolumus
1670 2491 1862 2578 adstipulari
1882 2491 1937 2580 iis,
1957 2490 2012 2578 qui
2038 2496 2161 2558 rectam
2182 2507 2245 2558 vo·

471 2613 588 2682 callum
611 2645 626 2674 e
652 2619 687 2680 et
706 2640 730 2674 a
753 2608 951 2696 aliarumque
977 2607 1145 2675 literarum
1173 2605 1473 2694 pronunciationem
1502 2615 1650 2677 nostram
1676 2609 1804 2678 omnino
1825 2607 1859 2675 in
1881 2607 2012 2677 dubium
2032 2627 2155 2678 vocare
2175 2625 2244 2714 ma-

471 2729 602 2798 luerint.
667 2724 770 2796 Certe
790 2744 884 2794 nemo
906 2744 1047 2813 unquam
1069 2723 1309 2792 Grammaticus
1329 2725 1364 2790 ri
1383 2729 1420 2792 et
1440 2727 1494 2806 ba',
1517 2727 1547 2794 si
1568 2727 1703 2796 vocales
1724 2745 1836 2794 eorum
1855 2728 1930 2794 soni
1960 2727 2104 2794 luissent
2124 2743 2244 2794 secun·

471 2845 722 2934 robustique
743 2843 912 2912 vocalibus
936 2842 1196 2912 adnumerasset.
1261 2839 1515 2912 Subsisteudum
1544 2843 1579 2910 in
1608 2843 1862 2935 eo,quud1ndi
1892 2872 1907 2900 ε
1932 2849 1967 2914 et
1987 2871 2012 2904 u
2035 2843 2162 2914 diserte
2183 2862 2244 2912 ro-

471 2965 595 3033 calibus
622 2962 848 3050 adnumerant,
878 2961 1028 3051 quodque
1054 2959 1146 3027 initio
1173 2966 1303 3048 septem
1330 2960 1496 3049 alphabeti
1526 2962 1656 3030 luerunt
1684 2962 1837 3054 vocales,
1865 2981 1999 3052 quarum
2032 2961 2115 3032 duae
2155 2961 2244 3031 inter

471 3089 543 3152 tet
564 3081 703 3148 niueum
724 3085 885 3150 tenerent.
928 3076 1021 3146 Satis
1042 3077 1198 3146 habemus
1219 3076 1479 3168 demonstrasse,
1498 3076 1600 3147 Indos
1622 3097 1750 3168 qouque
1777 3087 1905 3168 septem
1932 3081 2065 3149 vocales
2086 3077 2242 3147 babusse
2375 3089 2377 3124 i

467 3199 641 3290 genumas,
661 3217 797 3287 quarum
818 3197 901 3264 duas
923 3214 964 3264 eo
985 3193 1152 3282 alphabeti
1173 3195 1244 3264 loco
1266 3213 1391 3284 ponere
1412 3195 1521 3286 decet,
1547 3198 1605 3266 vbi
1636 3197 1772 3266 lacunae
1799 3199 1929 3268 suntin
1950 3197 2092 3288 reliquis.
2155 3195 2243 3262 l’ost
2376 3203 2377 3240 ³

466 3325 478 3382 t
504 3317 590 3386 enim
610 3315 734 3404 negligi
755 3319 930 3406 potuerunt
950 3310 1088 3383 subinde
1110 3315 1246 3383 vocales
1267 3315 1363 3403 quasi
1384 3315 1569 3401 superfluae
1590 3313 1707 3383 eodem
1726 3313 1796 3383 iure
1818 3323 1917 3404 atque
1938 3335 1963 3384 u
1983 3322 2060 3405 post
2080 3317 2155 3385 ltin
2175 3313 2243 3386 le·

468 3434 587 3504 miricis
608 3431 804 3521 alphabetis.

624 3543 700 3636 1⁰)
721 3549 760 3622 ᾗ
779 3575 822 3604 =
850 3547 896 3612 leu
923 3547 1021 3632 plane
1051 3545 1121 3611 iere
1148 3546 1300 3612 conuenit
1320 3565 1392 3613 cum
1420 3546 1557 3616 Persico
1576 3563 1605 3612 >³
1631 3555 1667 3618 et
1688 3567 1718 3649 ζ)
1741 3569 1794 3603 =
1819 3599 1884 3682 c,
1927 3553 1959 3619 si
1994 3557 2240 3623 transmeatatur·

471 3662 608 3731 Liueula
628 3660 795 3730 verticalis
817 3659 903 3748 euim
923 3661 957 3726 in
977 3659 1018 3732 Ξ
1039 3659 1129 3726 valet
1150 3678 1173 3725 a
1196 3659 1354 3727 vocalem.

626 3773 729 3869 tot)
750 3775 791 3854 [ἓ
811 3805 854 3834 =
874 3773 943 3842 bita
965 3775 1080 3844 eadem
1101 3775 1194 3863 quasi
1214 3775 1311 3843 litera
1332 3783 1386 3844 est
1416 3782 1569 3864 atquem
1593 3793 1641 3835 =
1667 3811 1705 3908 ζ
1731 3801 1894 3869 suspensa
1918 3786 1968 3852 sic
2013 3799 2060 3871 e,
2087 3787 2182 3856 siah
2205 3801 2245 3854 ea
2375 3809 2376 3820 ¹

470 3897 681 3979 discesseris,
703 3893 788 3983 quad
810 3893 960 3961 circellos
981 3892 1168 3962 diacriticus
1190 3893 1373 3983 seiunctim,
1391 3894 1512 3962 lineola
1524 3895 1658 3964 initialis
1672 3899 1780 3986 paullo
1792 3899 1889 3968 labor
1909 3903 2034 3992 scripta
2049 3912 2138 3973 sunt.

624 4009 698 4105 11)
719 4011 747 4116 ζ
775 4039 818 4070 =
839 4011 897 4099 du,
921 4031 1018 4100 quum
1039 4013 1158 4081 lineola
1180 4010 1385 4079 coniunctius
1406 4011 1568 4104 priuatur,
1588 4016 1770 4104 respondet
1790 4016 1939 4089 Persicis
1965 4034 1991 4078 ro
2008 4023 2032 4092 l0
2052 4039 2104 4074 ==
2128 4013 2165 4083 b
2192 4005 2247 4104 ‚g

469 4131 680 4203 transuersis.
723 4126 910 4197 Secundum
932 4132 1232 4218 pronunciationem
1258 4130 1304 4197 du
1332 4147 1415 4198 eane
1442 4129 1470 4235 ζ
1500 4151 1571 4200 cum
1591 4147 1602 4190 a
1626 4151 1679 4186 =
1706 4148 1731 4201 e
1759 4137 1783 4201 d
1808 4139 1989 4227 comparari
2019 4133 2171 4217 deberetq
2205 4145 2244 4201 at

469 4267 580 4336 parum
594 4247 814 4316 similitudinis
828 4247 913 4314 inter
926 4247 988 4315 has
1001 4248 1114 4315 literas
1127 4246 1312 4313 intercedit.
1342 4244 1496 4315 Ceterum
1509 4257 1651 4339 constat,
1663 4254 1859 4342 saepissime
1871 4273 2002 4322 numero
2015 4265 2127 4317 sonum
2141 4249 2242 4316 tmu·
2374 4235 2375 4266 ¹

469 4363 534 4433 tari
554 4365 588 4431 in
616 4365 640 4430 d
667 4383 731 4431 vsu
763 4363 900 4454 uulgari,
927 4371 1026 4452 alque
1052 4365 1159 4451 ipsum
1184 4362 1367 4431 Zendicum
1389 4357 1500 4464 imp
1527 4367 1686 4435 al’arsis
1708 4388 1794 4438 nune
1815 4371 1840 4436 d
1864 4363 2076 4456 pronunciari.

624 4475 772 4568 ¹¹*W
800 4505 844 4537 =
865 4482 1113 4548 moirencum
1150 4492 1175 4535 b
1208 4498 1261 4533 =
1299 4473 1335 4545 la
1362 4483 1517 4552 conuenit
1538 4489 1740 4577 transuersa,
1760 4485 1900 4554 maxime
1920 4503 1991 4548 cnm
2019 4478 2188 4552 dacntico
2217 4501 2241 4580 p

467 4618 527 4687 per
547 4595 769 4685 appendicem.

622 4709 747 4805 mil
776 4739 820 4770 =
834 4713 889 4800 p'u,
911 4731 957 4799 po
978 4713 1060 4782 adeo
1081 4714 1231 4802 euomuit
1252 4735 1324 4784 curn
1345 4715 1482 4784 Par-eico
1503 4731 1520 4774 Δ
1545 4729 1586 4772 =
1611 4745 1668 4808 5,
1697 4727 1736 4789 ut
1763 4719 1845 4787 haee
1876 4716 1947 4785 sola
1972 4717 2070 4785 litera
2098 4720 2241 4788 subiciat

469 4833 512 4903 ad
534 4829 832 4917 demonstrandum,
854 4837 974 4916 quanta
995 4832 1040 4896 sit
1062 4833 1244 4918 scripturae
1266 4833 1491 4903 Senseritieae
1512 4853 1582 4903 cnm
1604 4809 1753 4905 imaro
1772 4841 1807 4902 at
1829 4834 1986 4903 Pehluica
2007 4835 2161 4903 allinitas.

623 4941 773 5054 illm
802 4948 920 5015 literae
950 4947 1177 5033 praecedentis
1207 4951 1375 5020 diaoritiea
1404 4952 1541 5020 eandem
1569 4953 1759 5039 ungutam
1790 4955 1887 5020 onere
1916 4953 2047 5022 circello
2069 4953 2233 5022 diaeritice

468 5067 666 5136 distinctam.
721 5063 934 5176 Ceterumqg
963 5063 1166 5136 diacriticurn
1184 5067 1281 5138 deest
1302 5069 1428 5157 Parsis,
1456 5070 1511 5157 qai
1531 5081 1566 5126 υ
1589 5085 1642 5123 ==³
1666 5090 1714 5183 ἦρ
1731 5067 1803 5138 eiras
1823 5067 1895 5140 loco
1915 5069 2144 5141 adhibuerunt.
