4774 6104
1237 535 1491 614 ..bt-

476 747 581 814 locum
601 745 756 811 mutasse.
800 737 893 822 0000
917 737 1050 808 mutatio
1071 735 1138 806 vim
1158 734 1270 806 babuit
1291 737 1390 807 etiam
1408 739 1444 806 ln
1464 693 1630 806 literarum
1652 733 1889 805 diaeriticnrnm
1902 705 2056 804 ordinent.
2101 735 2258 806 Praece-

476 861 525 932 dit
536 861 623 930 enim
638 868 685 949 u⁶
699 856 780 926 800
798 858 968 962 literam&
992 851 1111 943 toto,
1132 871 1216 942 quae
1237 854 1415 922 seeundum
1436 853 1612 944 alphabeta
1633 859 1774 942 cognata
1795 859 1872 941 post
1894 861 1941 942 „t
1964 853 2041 941 poni
2070 851 2254 922 debuisset.

499 1063 501 1070 .
594 1041 595 1046 ,
630 1006 680 1103 0)
701 1009 786 1077 Post
798 1007 928 1076 literam
950 1029 989 1073 ω
1002 1010 1089 1071 =ll
1115 1004 1244 1099 Persae
1258 1004 1646 1093 antiquitussingularem
1659 1005 1820 1094 quandam
1832 1004 2013 1072 babuerunt
2026 1003 2175 1072 vocalem
2188 1021 2257 1094 uro,
2382 995 2383 1000 ’

476 1167 572 1237 quam
597 1145 706 1214 serius
721 1121 977 1251 7'soripserunl.
1028 1141 1178 1209 Vidimus
1199 1141 1285 1210 enim
1306 1142 1445 1210 eandem
1472 1141 1621 1209 vocalem
1647 1138 1793 1210 Saturno
1826 1158 1954 1207 sacram
1974 1137 2122 1207 adfuisse
2143 1138 2179 1206 in
2201 1139 2254 1206 al·

476 1283 619 1369 phabeto
640 1277 805 1366 primaeuo
826 1283 955 1364 septem
975 1275 1145 1349 vocalibus
1165 1275 1338 1364 instructo,
1360 1294 1456 1362 quam
1468 1281 1704 1343 conseruerunt
1718 1275 1895 1365 alphabeta
1907 1279 2049 1362 cognata
2062 1271 2253 1361 Etruscum,

475 1398 641 1483 Latinum,
663 1392 826 1462 Graecum
848 1395 988 1483 aliaque,
1007 1393 1135 1461 scilicet
1148 1388 1270 1482 W).
1313 1390 1419 1467 Quam
1439 1393 1588 1462 vocalem
1608 1393 1700 1460 initio
1716 1393 1880 1462 Hebraeis
1901 1410 2028 1481 qnoque
2049 1409 2253 1460 communem

475 1515 592 1604 tuisse,
612 1510 732 1581 docent
752 1511 878 1581 Psalmi
904 1511 1113 1600 alphabetici,
1137 1513 1259 1598 poslrl
1284 1509 1412 1579 literam
1440 1515 1463 1574 b
1488 1510 1692 1600 adiicientes,
1720 1515 1819 1598 alque
1839 1510 1973 1578 meletio
1994 1515 2073 1574 l=
2094 1502 2112 1569 i
2131 1527 2187 1561 =
2222 1517 2252 1615 f

475 1624 510 1691 in
542 1639 553 1696 l
584 1647 637 1681 =
661 1651 691 1696 u.
734 1627 866 1698 Etenim
887 1628 975 1697 nollo
996 1629 1030 1698 in
1051 1625 1227 1716 alphabeto
1256 1625 1414 1694 Hebraici
1444 1633 1582 1713 cognato
1605 1627 1768 1718 reperitur
1788 1627 1915 1696 vocalis
1935 1647 1961 1694 0
1981 1633 2059 1696 ante
2080 1633 2104 1694 t.
2180 1625 2254 1714 lpsi

475 1749 605 1818 Persae
625 1747 732 1816 serius
753 1747 882 1816 demum
902 1746 1051 1814 vocalem
1071 1742 1235 1831 alphabeti
1257 1741 1386 1812 finalem
1413 1743 1605 1831 neglexisse
1626 1750 1726 1836 atque
1747 1731 1819 1815 com
1835 1782 1856 1845 5
1887 1743 2099 1814 coniunxisse
2126 1742 2251 1814 uiden-

476 1875 546 1953 tur,
575 1865 726 1954 quoniam
753 1881 917 1932 numeram
945 1861 1025 1930 000
1061 1861 1159 1930 litera
1188 1869 1227 1926 00
1257 1868 1506 1950 expresserunt.
1564 1859 1669 1945 0000
1690 1862 1775 1930 enim
1803 1885 1843 1930 ua
1874 1861 2035 1930 haberent
2067 1880 2126 1950 pro
2165 1860 2249 1929 400

476 1988 576 2070 atque
596 1991 624 2086 ε
646 2001 704 2070 pro
730 1979 855 2070 10003
883 1977 1011 2046 literam
1033 1987 1090 2069 00,
1121 1979 1278 2047 seriorem
1304 1977 1401 2046 litera
1426 1988 1465 2084 ε,
1485 1997 1545 2066 pro
1570 1977 1675 2046 1000
1698 1980 1856 2048 adhibere
1877 1980 2080 2048 debuissent.
2123 1977 2188 2048 Sin
2210 2005 2249 2046 00

476 2126 520 2158 =
540 2096 622 2166 400
645 2097 760 2166 vltima
780 2096 947 2185 alphabeti
967 2097 1065 2164 litera
1084 2096 1217 2184 inisset,
1236 2101 1328 2164 certe
1349 2097 1472 2184 primas
1489 2095 1604 2164 literas
1634 2095 1838 2180 diaoriticas,
1859 2115 1926 2165 non
1946 2096 2093 2166 ultimam
2113 2097 2250 2168 subiun-
2382 2165 2383 2176 ,

477 2217 610 2286 aissenl
631 2213 673 2283 ad
696 2234 862 2283 numerum
885 2212 965 2280 500
988 2212 1243 2302 exprimendum.
1303 2212 1505 2282 lliaorilieae
1532 2213 1620 2281 enim
1642 2213 1758 2283 literae
1780 2219 1814 2282 in
1843 2216 2033 2283 vrrioersum
2054 2214 2170 2284 eodem
2192 2237 2250 2283 or·
2382 2279 2383 2296 ,

476 2333 553 2402 dine
574 2351 654 2400 sese
675 2333 842 2420 excipiunt
862 2338 961 2419 alque
981 2329 1154 2418 genuinae.
1198 2330 1316 2417 Neque
1338 2329 1413 2396 buic
1433 2330 1554 2420 obstat,
1582 2330 1667 2418 quod
1695 2330 1882 2401 diacrilicae
1909 2333 2026 2401 literae
2048 2351 2114 2402 non
2135 2355 2248 2404 omnes

474 2470 536 2538 pro
557 2449 700 2518 numeris
727 2447 931 2534 adhibentur,
963 2447 1113 2536 qnodque
1135 2455 1182 2536 u⁶
1199 2437 1286 2511 εἰ
1309 2465 1381 2514 000
1402 2438 1439 2510 ,0
1459 2440 1483 2511 n
1508 2447 1656 2516 similiter
1674 2455 1814 2517 sonante
1835 2455 2062 2518 commulatum
2083 2458 2147 2518 est

630 2578 680 2676 0)
701 2579 850 2671 Denique
871 2581 990 2648 literae
1010 2580 1238 2667 Neopersicae
1249 2580 1424 2650 nonnullae
1446 2581 1713 2668 pronunciatione
1735 2581 1886 2652 dioemnl
1907 2586 1948 2653 ab
1970 2584 2248 2677 11000οἰ0000-

475 2703 563 2770 xime
584 2699 784 2773 discriticae.
828 2695 965 2766 Scilicet
985 2697 1126 2785 Persae,
1147 2719 1244 2788 quum
1272 2697 1363 2766 initio
1391 2699 1473 2767 solis
1494 2697 1660 2785 alphabeti
1681 2701 1805 2788 antiqui
1822 2701 1929 2770 literis
1950 2703 2145 2793 seriberent,
2166 2705 2246 2772 sub-
2381 2735 2382 2750 ¹

475 2816 554 2885 inde
575 2815 711 2885 easdem
738 2816 949 2883 hierusalis
970 2815 1004 2884 in
1025 2814 1196 2883 vocabulis
1216 2815 1325 2903 paullo
1347 2816 1444 2886 aliter
1470 2817 1685 2905 pronunciare
1714 2826 1902 2907 coeperunt
1945 2816 2006 2888 Sic
2027 2839 2090 2888 nos
2110 2841 2248 2910 qnoque,

475 2933 507 3002 si
529 2935 712 3003 accuratius
733 2933 1033 3021 pronunciationem
1052 2929 1096 3000 ad
1117 2937 1263 3001 nostram
1284 2934 1424 3002 animum
1449 2932 1622 3025 adnerlas,
1648 2937 1758 3025 paullo
1779 2937 1878 3006 aliter
1902 2939 2148 3026 pronunciamus
2168 2961 2194 3026 g
2212 2941 2248 3008 in

475 3049 587 3120 Gnosi
607 3069 702 3138 qnam
722 3051 756 3116 in
778 3047 881 3137 Sage.
927 3051 1013 3118 iiiuc
1034 3055 1127 3119 ortae
1148 3056 1224 3118 sont
1244 3051 1362 3119 literae
1382 3051 1558 3120 Persarum
1580 3051 1781 3124 diaeriticae.
1833 3056 1990 3123 Nimirum
2009 3055 2122 3122 literas
2143 3075 2244 3142 pares
2381 3035 2382 3040 ¹

474 3186 556 3235 sono
578 3167 755 3255 paullulum
776 3165 1005 3254 discrepantes
1026 3167 1158 3257 ponetis
1179 3167 1358 3237 diaoritieis
1387 3169 1615 3240 distinxerunt
1658 3171 1734 3240 Hae
1762 3172 1891 3261 quidem
1919 3173 2034 3242 literae
2061 3193 2174 3262 pares,
2194 3175 2247 3240 vti

474 3277 512 3348 ,0
539 3276 594 3367 la,
621 3307 660 3352 aar
687 3293 726 3351 00
752 3284 929 3352 diaeriticis
950 3281 1139 3376 distinctae,
1156 3304 1257 3354 sonos
1278 3287 1365 3354 inter
1385 3305 1425 3356 se
1445 3287 1624 3355 simillimos
1651 3290 1877 3375 expresserint
1898 3309 2040 3359 neeesse
2061 3295 2123 3358 est
2158 3291 2248 3358 Pieri

473 3419 538 3467 non
559 3403 681 3490 poluit,
708 3409 748 3470 vl
774 3421 803 3468 e.
824 3424 859 3490 g.
886 3394 925 3465 ,0
946 3407 982 3470 et
1012 3394 1049 3465 ,0
1076 3409 1232 3471 sonarent
1251 3403 1301 3470 vti
1322 3406 1338 3469 l
1358 3407 1394 3469 el
1413 3421 1447 3470 a.
1468 3401 1622 3492 Alioquin
1643 3401 1843 3474 discriticum
1865 3427 1874 3447 ·
1896 3407 2016 3477 suisset
2043 3427 2244 3495 superuaca-

473 3535 570 3584 neum
591 3524 690 3602 atqne
712 3510 749 3579 0
774 3519 881 3602 potius
905 3539 952 3601 u⁰
974 3515 1029 3582 vel
1052 3525 1099 3602 υὸ
1121 3516 1220 3581 scribi
1241 3517 1421 3584 debuisset.
1465 3520 1610 3590 Veteres
1632 3521 1717 3592 enim
1739 3543 1851 3592 omnes
1872 3544 1937 3594 non
1955 3527 1999 3595 ad
2020 3527 2115 3614 leges
2135 3545 2245 3614 gmin-

472 3632 622 3718 matices,
643 3630 704 3696 sed
727 3629 801 3695 vsui
823 3629 949 3712 vulgari
969 3628 1210 3696 accommodate
1231 3630 1448 3718 scripserunt.
1484 3633 1570 3703 Hinc
1591 3637 1719 3706 Persae
1739 3643 1830 3704 ll==
1851 3661 1890 3704 er
1911 3642 2050 3729 literato,
2070 3643 2126 3713 vbi
2148 3665 2168 3713 s
2189 3665 2249 3713 so·
2379 3669 2380 3696 l

474 3755 582 3835 naret,
608 3765 673 3814 non
702 3753 741 3809 00
771 3743 1000 3830 scripsissent,
1029 3741 1092 3810 sed
1123 3743 1221 3812 litera
1249 3779 1293 3836 pu
1334 3750 1593 3837 expressissent.
1652 3749 1708 3818 Ex
1730 3773 1793 3840 quo
1813 3755 1971 3847 sequitur,
1989 3759 2105 3829 literas
2126 3762 2249 3829 diacri-

473 3865 559 3931 licas
580 3881 602 3930 a
622 3861 774 3947 genuinis
795 3860 866 3928 suis
887 3859 1034 3947 nuspiam
1055 3859 1141 3929 adeo
1163 3860 1356 3952 discrepare
1377 3867 1537 3956 potuisse,
1556 3872 1596 3933 vt
1616 3867 1810 3957 reliquarum
1832 3872 1999 3943 literarum
2021 3897 2122 3948 sonos
2142 3879 2248 3948 veluti

406 4047 411 4054 ,
476 3980 740 4073 boessubirenl.
783 3979 853 4047 lam
875 3976 960 4044 haee
981 3980 1035 4044 esl
1056 3977 1124 4069 lex,
1141 3998 1186 4047 ex
1207 4000 1271 4070 qua
1291 3981 1410 4053 literae
1428 3984 1604 4054 Persarum
1625 3985 1814 4057 diacriticoe
1834 3992 1958 4078 pariter
1973 4000 2249 4084 atqoegenuinae

473 4097 649 4168 Hebraicis
670 4105 831 4185 cognatae
851 4095 988 4163 iudicari
1008 4095 1160 4165 debeant.

625 4261 679 4324 ap,
699 4230 784 4318 quod
806 4247 892 4297 onoc
913 4250 933 4318 p
956 4229 1196 4316 pronunciatur,
1217 4232 1309 4302 initio
1331 4233 1438 4303 lenius
1459 4237 1624 4330 sonuerit,
1645 4259 1787 4310 necesse
1811 4250 1876 4312 est.
1938 4243 2089 4328 Alioquin
2116 4240 2253 4316 Persae

473 4363 533 4431 pro
562 4364 601 4435 ap
629 4347 845 4435 scripsissent
869 4348 910 4413 ui
935 4364 988 4397 =
1011 4353 1044 4410 s.
1108 4346 1177 4414 imo
1199 4369 1253 4444 tp,
1274 4370 1347 4417 eum
1369 4370 1413 4420 ex
1439 4362 1461 4417 2
1487 4380 1532 4414 ==
1556 4357 1643 4442 βπ.
1664 4357 1684 4426 b
1705 4385 1749 4420 =
1769 4381 1809 4448 ῳ
1831 4366 1936 4429 prtum
1963 4357 2025 4445 sit,
2044 4356 2086 4425 ab
2108 4377 2149 4429 eo
2171 4361 2250 4432 dis..

474 4479 611 4548 crepare
631 4481 696 4530 ooo
716 4462 821 4550 potuit
847 4461 950 4553 adeo,
976 4469 1015 4532 vt
1036 4463 1120 4532 dnos
1141 4465 1259 4536 literae
1283 4473 1305 4531 0
1330 4469 1479 4537 intraret

472 4951 556 5012 ¹83⁶
623 4849 672 5012 tib
685 4851 755 5012 Vlid.
777 4849 884 4926 operis
905 4849 996 4912 bolos
1019 4851 1123 4916 inscie.
1144 4857 1200 4920 Vl.
1244 4857 1344 4920 llnser
1362 4857 1516 4935 Alpbabel
1543 4861 1593 4924 eln
1623 4861 1736 4925 Abblld
1762 4863 1816 4922 des
1845 4863 2052 4926 'lbierlrrelses
2080 4871 2138 4927 cet
2158 4867 2241 4943 bips.

558 4996 566 5016 .
609 4955 683 5015 Pa.
722 4989 731 5010 ·
2340 4956 2347 4978 ⁸
