4814 6104
702 1321 1305 1456 PRAEFATIO.

270 1795 481 1894 Quanquam
510 1791 713 1894 opusculum
737 1792 818 1885 hoc,
848 1817 950 1892 quum
975 1795 1126 1893 antiquis
1151 1794 1199 1870 de
1222 1790 1335 1868 literis
1359 1795 1445 1888 agat
1462 1789 1683 1891 praesertim,
1709 1787 1819 1864 solam
1844 1787 1891 1862 ad

115 1943 425 2045 palaeograpbiam
459 1951 623 2045 spectare
654 1942 835 2044 rideatur,
869 1967 1051 2046 speramus
1089 1951 1222 2039 amen,
1253 1941 1331 2020 lore
1362 1949 1403 2016 rt
1432 1939 1524 2017 aliae
1563 1963 1700 2040 quoque
1730 1939 1891 2042 discipli·

116 2117 195 2186 uae,
221 2094 381 2187 historia,
408 2091 648 2192 chronologia,
672 2093 852 2170 literatura
876 2095 1118 2197 Aegyptiace,
1144 2092 1390 2191 cuneoformis,
1416 2089 1590 2184 Zendioa,
1624 2089 1807 2184 Pehlnica
1832 2099 1891 2166 In-

117 2241 208 2336 dica,
234 2243 393 2320 utilitalis
419 2243 502 2343 quid
527 2244 667 2346 capiant
690 2245 748 2320 his
773 2268 823 2321 ex
846 2246 1153 2324 lucubrationibus.
1205 2243 1358 2320 Primum
1383 2242 1475 2318 enim
1505 2241 1660 2318 numeris
1684 2242 1890 2344 Aegyptia-

118 2392 171 2467 cis
198 2395 380 2488 eninoitnr,
406 2395 615 2496 Aegyptios
639 2397 683 2472 ab
708 2394 961 2496 antiquissimis
984 2395 1068 2473 inde
1092 2394 1304 2498 temporibus
1330 2417 1452 2470 verum
1476 2392 1646 2470 habuisse
1672 2391 1891 2494 alphabetum

115 2546 268 2620 numeris
292 2546 444 2644 insitum,
459 2546 553 2644 quod
565 2546 743 2626 Hebraico
764 2545 986 2648 reliquisque
995 2547 1159 2646 genitinis
1173 2547 1278 2649 plane
1295 2542 1489 2648 respondit.
1540 2543 1603 2619 htx
1628 2569 1696 2643 qno
1722 2542 1890 2642 seqmbnr,

115 2692 335 2791 alphabetum
360 2705 527 2798 nostrum,
554 2721 657 2796 quum
681 2699 716 2772 in
742 2697 972 2774 monumentis
986 2708 1101 2775 aetate
1125 2696 1291 2800 Josepbi,
1318 2694 1399 2795 quin
1419 2694 1625 2788 Abrahami,
1649 2695 1718 2770 iam
1743 2691 1892 2795 septimo

115 2851 199 2938 post
232 2841 488 2941 dispersionem
524 2847 777 2946 Babylonicam
815 2849 960 2925 saeculo
1000 2849 1144 2950 scriptis
1180 2849 1383 2950 reperiatur,
1409 2849 1585 2924 inuentum
1616 2844 1742 2938 luisse,
1775 2866 1891 2941 neque

115 2997 198 3086 post
224 2991 369 3080 Mosen,
395 3015 512 3091 neque·
534 2992 661 3071 Cadmi
685 2995 780 3070 illius
793 3005 876 3072 natu
889 2997 1034 3072 minoris
1043 3006 1211 3098 tempure.
1263 2998 1365 3074 Hine·
1373 2997 1465 3072 falsa
1477 2996 1594 3099 opinio
1609 3004 1682 3089 est,
1694 2992 1891 3096 alphabeti·

117 3158 193 3214 cam
213 3139 433 3241 scripturam,
467 3165 567 3240 qnam
599 3149 743 3220 veteres
768 3145 838 3246 ipsi
878 3145 1019 3222 Taauto
1058 3169 1108 3222 ex
1139 3145 1279 3222 diluuio·
1311 3147 1481 3222 communi
1513 3155 1655 3222 semme
1686 3145 1890 3234 tribuerunt,

117 3289 222 3363 multa
247 3297 329 3390 post
353 3289 496 3364 saecula
520 3291 745 3393 prodiissee
777 3295 962 3394 syllabica,
994 3295 1201 3394 syllabicam
1234 3320 1323 3372 vero
1354 3297 1459 3372 multo
1491 3265 1608 3370 serius
1640 3318 1662 3370 e
1693 3292 1891 3394 symbolica

117 3440 280 3533 genuina,
313 3442 391 3518 siue
423 3441 701 3544 hieroglyphice
754 3443 872 3534 Quare
905 3443 1200 3544 hieroglyphicae
1239 3444 1506 3546 Aegyptiorum
1538 3442 1788 3544 inscriptiones
1818 3467 1898 3542 non

118 3585 396 3688 debentneque
428 3590 579 3684 omnino,
611 3615 726 3690 neque
752 3593 934 3668 maximam
973 3599 1106 3693 partem
1137 3592 1356 3694 symbolicae
1387 3594 1511 3693 pueri,
1563 3591 1653 3668 lnrle
1677 3599 1786 3695 patet,
1813 3593 1889 3666 snt-

117 3734 279 3836 fragante
320 3741 549 3842 inscriptione
581 3743 788 3836 Rosettana,
820 3743 948 3818 firmum
978 3741 1146 3834 rendere,
1178 3743 1248 3841 qui,
1278 3750 1417 3844 praeter
1447 3742 1670 3846 paucissima,
1702 3741 1889 3840 hierogly-

117 3885 232 3984 phiois
272 3891 424 3990 singulis
455 3893 629 3968 vocabula
658 3893 799 3991 integra
829 3891 1007 3973 munem
1040 3892 1246 3991 symbolice.
1308 3891 1474 3970 Ceterum
1503 3893 1646 3995 primum
1678 3893 1749 3970 hoo
1778 3891 1888 3968 libelli

117 4051 218 4137 caput
244 4041 390 4118 exhibet
415 4041 527 4142 signa·
544 4043 722 4119 numerica
745 4043 1008 4144 Aegyptiorum
1032 4041 1108 4116 lere
1134 4042 1259 4134 omnia,
1290 4041 1583 4144 hieroglyphiois,
1615 4042 1797 4120 hieratici's
1822 4041 1888 4117 de-

119 4192 323 4291 moticisqnc
353 4191 638 4293 inscriptionibus
669 4193 820 4268 maxime
852 4193 964 4266 variis
994 4200 1181 4292 excerpta,
1213 4193 1338 4294 partim
1367 4217 1467 4288 noua,
1500 4193 1623 4294 partim
1655 4191 1787 4268 rectius
1819 4215 1887 4270 cx-

119 4341 242 4437 plicata
268 4344 449 4440 literisque
474 4351 685 4444 comparata
734 4341 838 4432 ouon
862 4341 985 4418 atbnet
1007 4341 1250 4418 cuneosormes
1267 4343 1466 4436 Persarum,
1490 4342 1680 4420 Medorum
1705 4342 1886 4444 Assyrio-

120 4483 258 4590 rtonque
290 4495 492 4594 scripturas,
519 4495 576 4568 his
607 4514 743 4590 qnoque
773 4492 992 4596 alphabetum
1024 4489 1256 4569 Chaldaicum
1287 4493 1461 4593 antiquum
1492 4495 1643 4572 subesse
1667 4494 1887 4571 demonstra-

118 4643 184 4710 tm.
234 4641 322 4718 Cum
348 4645 438 4726 enim
462 4645 587 4724 literae
611 4643 799 4730 Persarum
823 4652 993 4720 ormeatae
1038 4643 1302 4721 combinatoriis
1333 4667 1382 4721 ex
1413 4645 1552 4744 legibus
1583 4644 1710 4719 instram
1742 4645 1778 4719 in
1804 4642 1886 4718 ord·

120 4807 196 4862 nem
229 4791 450 4890 rediguntur3
476 4795 594 4872 euenit
623 4793 740 4870 series
772 4794 948 4872 literarum
986 4795 1201 4872 conueniens
1238 4819 1317 4872 cum
1347 4796 1444 4874 serie
1468 4797 1644 4874 literarum
1669 4793 1886 4876 Chaldaica-

26 5053 27 5056 Ν
121 4959 193 5020 rum
224 4943 304 5017 siue
336 4945 631 5046 Neopersioarum
657 4945 784 5046 potius.
844 4945 939 5024 Hinc
972 4969 1154 5048 perperam
1187 4947 1424 5042 ⁰⁰¹l3⁰⁰⁰f¹¹¹¹h
1450 4948 1706 5026 ⁰¹¹¹¹0⁰f⁰¹¹¹¹⁰¹¹¹
1732 4940 1966 5122 wiptffffl.
