4796 6106
897 571 1150 650 ..91-

293 774 343 869 b)
362 772 514 862 Denique
535 772 651 840 eodem
670 769 749 838 iacit
770 769 849 837 ordo
869 770 1036 840 literarum
1055 770 1250 860 Indicarum,
1280 789 1323 838 ex
1344 773 1487 838 numeris
1506 775 1709 860 perspicuos.
1772 779 1906 851 Numeri

141 893 226 959 enim
240 889 434 960 Saoscritici
456 893 502 958 ita
523 889 701 976 comparati
721 893 810 974 sunt,
830 895 870 954 vt
892 909 949 976 pro
971 889 1152 957 arbitrariis
1173 889 1276 974 signis
1297 887 1410 954 haberi
1432 897 1607 976 nequeant.
1635 892 1704 960 lmo
1725 915 1820 982 quum
1841 919 1905 968 ve.

141 1016 233 1077 teres
255 1029 367 1076 omnes
387 1009 492 1075 literis
513 1005 680 1094 alphabeti
701 1005 856 1091 deinceps
876 1025 1028 1073 numeros
1060 1008 1310 1094 expresserint,
1343 1007 1469 1072 numeri
1490 1026 1617 1094 quoqne
1646 1007 1843 1080 Sanscritici
1861 1017 1904 1084 ad

138 1124 346 1211 alphabetum
373 1124 489 1192 referri
518 1124 649 1190 debent.
715 1123 884 1190 Absonnm
911 1124 998 1190 foret
1023 1131 1156 1214 putare,
1174 1142 1327 1192 numeros
1347 1124 1489 1189 nationis
1510 1125 1755 1212 antiquissimae
1775 1132 1907 1202 aliunde

104 1277 107 1284 ·
139 1242 321 1310 arcessitos
348 1242 471 1323 fnisse,
500 1241 640 1307 maxime
668 1258 763 1326 quum
784 1240 909 1307 numeri
930 1240 1022 1308 ludis
1044 1248 1161 1310 essent
1188 1239 1369 1308 necessarii
1396 1257 1440 1305 ex
1461 1259 1524 1327 qno
1546 1247 1693 1330 tempore
1714 1249 1907 1320 scriberent

138 1357 218 1422 Noli
239 1377 416 1444 prouocare
437 1357 479 1423 ad
500 1376 652 1425 numeros
673 1356 846 1445 Arabicus,
868 1357 921 1444 qui
942 1358 1089 1425 eiusdem
1110 1358 1246 1444 originis
1267 1361 1354 1422 sunt.
1395 1355 1512 1444 ltaque
1532 1365 1683 1446 putamus
1706 1381 1826 1432 nouem
1845 1369 1907 1436 ln-

137 1473 250 1541 dorum
271 1493 421 1542 numeros
441 1471 645 1562 respondere
667 1492 784 1539 nouem
804 1475 915 1560 primis
937 1474 1104 1563 alphabeti
1125 1475 1239 1556 literis,
1262 1492 1394 1562 quorum
1415 1472 1494 1542 ordo
1516 1476 1565 1542 sic
1586 1494 1625 1542 se
1644 1477 1755 1546 habet.

399 1645 538 1710 Numeri
726 1641 863 1754 Literae
1205 1640 1355 1708 Zendice
1530 1643 1668 1713 Persice
1707 1645 1874 1719 Hebraico

427 1771 906 1863 aaut

1257 1807 1282 1844 o
1581 1773 1592 1852 l
1773 1808 1798 1862 et

260 1776 278 1840 l
1154 1825 1173 1875 2
1374 1793 1395 1842 a

257 1919 448 2012 pp
681 1917 913 2000 talu·
1155 1925 1396 2025 Qpb

257 2067 448 2164 ti
660 2071 916 2160 θῆκ’
1151 2075 1405 2177 qpt'

256 2207 453 2292 48
678 2223 915 2302 &Hd'
1153 2224 1405 2311 (ppd'

257 2365 494 2454 ὔῑΙῑί
672 2375 906 2470 QQe
1150 2389 1396 2462 qne

254 2504 444 2606 (ii
654 2524 936 2600 nsaw
1088 2498 1432 2623 'pbw

256 2664 452 2740 ro
665 2671 931 2748 asos
1151 2673 1424 2774 ppos

254 2804 495 2891 eth
766 2840 905 2904 fo
1146 2832 1393 2906 :Lo

256 2955 500 3043 9ρῦ
768 2985 913 3034 π*ει
1144 2976 1403 3040 “himer
1585 3013 1641 3062 2.
1780 3007 1823 3019 -

1773 1955 1795 2011 :t

1772 2105 1786 2160 l

1771 2249 1793 2307 -Ι

1774 2398 1798 2460 Ἴ

1775 2553 1786 2607 l

1774 2703 1785 2756 l

1579 1966 1619 2041 Ψ.

1578 2089 1624 2178 e.

1580 2239 1605 2310 ὁ

1579 2414 1596 2458 8

1578 2507 1605 2680 Ξ»

1578 2717 1599 2793 )

1583 2855 1619 2913 S

289 3139 412 3227 Vtique
433 3137 557 3207 numeri
577 3137 728 3205 lndorom
749 3135 844 3222 primi
867 3135 899 3201 i.
923 3132 961 3202 a.
976 3111 1019 3200 ’3.
1047 3134 1208 3202 hahentur
1227 3151 1288 3223 pro
1308 3137 1505 3228 arbitrariis,
1534 3160 1594 3226 pro
1623 3143 1760 3209 unitatis
1782 3145 1910 3232 repeti·

138 3254 297 3348 tionibns3
318 3273 437 3324 vereor
456 3262 496 3324 vt
519 3259 620 3323 recte.
641 3253 727 3321 Nam
748 3247 765 3341 ἓ
794 3253 911 3320 literae
931 3251 949 3310 ³
975 3252 1130 3342 similius,
1161 3271 1256 3340 quam
1277 3253 1414 3322 lineolae
1435 3256 1463 3321 1.
1506 3257 1678 3326 laudamus
1698 3277 1780 3327 vero
1801 3255 1820 3346 2
1840 3253 1912 3346 §et

136 3369 156 3467 {t
179 3389 257 3438 esse
277 3392 367 3440 mera
388 3373 483 3460 signa
504 3371 682 3439 numeralia
707 3371 814 3438 instar
838 3370 1075 3458 Aegyptiorum
1108 3346 1119 3456 Ι
1139 3348 1237 3459 qul,
1257 3378 1365 3438 restat
1385 3371 1502 3440 videre
1522 3372 1565 3441 de
1585 3375 1730 3462 reliquis.
1796 3375 1911 3446 conii-

137 3489 241 3556 cimus
262 3509 412 3556 numeros
434 3487 637 3556 Sancriticos
658 3490 694 3556 in
714 3490 902 3556 uniuersum
927 3506 1005 3556 esse
1026 3488 1140 3554 literas
1162 3485 1349 3554 discriticas
1369 3489 1478 3574 paullo
1499 3496 1654 3579 mutatas,
1668 3493 1742 3559 sine
1761 3494 1911 3576 consilio,

135 3605 212 3672 siue
233 3606 435 3690 negligentia
455 3607 640 3673 scribarum.
717 3604 842 3686 claret,
866 3621 1019 3671 numeros
1039 3603 1224 3681 nonnullos,
1247 3604 1367 3690 qnippe
1387 3604 1523 3689 antiqua
1542 3605 1647 3673 adhuc
1674 3609 1804 3676 ratione
1825 3612 1910 3676 scri-

135 3730 233 3809 ptos,
270 3723 481 3789 inueroendos
512 3740 598 3787 esse.
650 3721 813 3788 Numerus
835 3713 856 3806 ἱ)
878 3721 1013 3806 egregie
1049 3739 1120 3786 cum
1157 3737 1181 3784 s
1212 3717 1240 3785 b'
1263 3718 1413 3786 zendioo
1435 3722 1599 3812 conuenit,
1621 3728 1720 3812 atque
1741 3713 1761 3814 ᾖ
1782 3744 1853 3794 cum
1872 3727 1910 3802 ᾖ

133 3846 342 3906 transuerso.
386 3839 480 3914 Quod
501 3856 667 3906 nnmerum
688 3835 717 3904 4
736 3865 779 3896 =
801 3816 826 3900 8
857 3839 988 3924 attinet,
1007 3836 1180 3904 breuitatis
1201 3854 1321 3902 caussa
1341 3837 1462 3904 lineam
1487 3837 1572 3906 inira
1597 3842 1737 3926 positam
1762 3843 1911 3910 fecerunt

131 3951 369 4040 rotundiorem,
390 3956 590 4039 superiorem
612 3971 693 4019 vero
713 3958 870 4037 apertam.
913 3955 1078 4019 Numerus
1101 3949 1125 4016 d
1147 3943 1237 4028 :ll
1267 3951 1353 4018 haud
1373 3954 1458 4020 male
1480 3957 1630 4040 congruit
1649 3972 1769 4054 comp
1797 3963 1910 4026 hane

132 4088 248 4138 verso.
311 4067 448 4154 Signum
469 4049 487 4148 ξ
508 4069 578 4134 tere
598 4066 685 4133 idem
707 4074 760 4132 est
781 4074 881 4152 atque
902 4067 953 4142 δ,
1005 4068 1043 4134 ln
1066 4058 1093 4124 Θ
1121 4066 1252 4152 accidit,
1272 4074 1310 4132 vt
1330 4085 1427 4134 arcus
1447 4073 1597 4156 superior
1616 4074 1777 4141 euaderet
1795 4074 1911 4164 laxior,

136 4186 273 4254 inferior
298 4203 379 4251 vero
400 4184 574 4252 rotundior.
637 4182 800 4248 Numems
822 4179 849 4248 8
870 4199 952 4250 vero
980 4183 1078 4270 plane
1102 4181 1197 4270 quasi
1221 4185 1370 4270 congruit
1396 4203 1468 4251 cnm
1493 4187 1600 4254 vocali
1620 4215 1633 4250 ι
1650 4217 1694 4246 =
1714 4213 1746 4282 η,
1761 4190 1909 4278 omues

138 4303 372 4388 aliquantulum
395 4298 612 4368 similitudinis
633 4319 705 4365 cum
725 4322 748 4354 n
779 4299 957 4367 retinuisse
977 4299 1117 4368 videtur.
1182 4301 1266 4366 Vtut
1285 4307 1358 4388 est,
1387 4304 1511 4369 numeri
1530 4303 1635 4371 Indici
1660 4325 1726 4374 non
1753 4313 1830 4374 sunt
1852 4327 1909 4376 ar·

138 4417 276 4508 bitrarii,
296 4419 371 4505 imo,
392 4416 477 4503 qood
499 4417 541 4484 de
562 4415 707 4503 plurimis
727 4417 844 4483 saltem
863 4414 965 4502 valet,
985 4416 1090 4483 literis
1111 4415 1277 4505 alphabeti
1297 4417 1410 4504 primis
1426 4417 1605 4488 diacriticis
1626 4421 1788 4490 simillimi.

291 4535 363 4601 lam
384 4533 415 4599 si
436 4531 646 4622 alphabetum
669 4531 905 4602 Sanscriticum
926 4552 990 4600 non
1013 4541 1067 4600 est
1087 4533 1261 4620 genuinum
1282 4553 1323 4601 ac
1344 4536 1526 4630 singulare3
1548 4539 1578 4604 si
1599 4559 1726 4626 verum,
1747 4541 1810 4610 has
1831 4539 1909 4608 lite·

143 4667 200 4715 ras
221 4667 293 4716 cum
313 4649 469 4717 Zendiois
491 4657 526 4716 et
546 4647 715 4718 Pehluicis
736 4649 875 4758 maximp
895 4649 1080 4718 consentire
1102 4657 1202 4739 atque
1223 4652 1338 4719 eodem
1361 4653 1474 4722 ordine
1495 4673 1573 4722 sese
1594 4657 1761 4746 excipere,
1781 4677 1845 4746 qno
1865 4657 1909 4722 li-

143 4773 236 4832 terae
249 4765 432 4835 Hebraicae
453 4767 600 4854 aliaeque
623 4765 802 4853 permultae
823 4767 975 4838 veniunt:
996 4767 1074 4836 inde
1091 4771 1203 4838 varios
1224 4769 1347 4838 lruotns
1368 4769 1524 4859 colligere
1544 4773 1666 4843 valebit
1679 4772 1854 4863 philologia
1875 4777 1909 4838 et

140 4881 289 4950 historia.

1528 5051 1607 5120 122
