4774 6104
1233 644 1494 720 .-tt)-

547 869 550 876 ·
636 853 818 922 Praeterea
838 849 1032 920 combinatio
1052 852 1167 917 nostra
1188 847 1270 915 dnas
1290 844 1405 914 literas
1429 845 1465 912 in
1484 843 1589 911 lucem
1610 843 1782 934 protraxit,
1801 841 1928 912 scilicet
1955 827 2023 934 a!
2047 861 2100 898 =
2132 851 2183 956 t,
2219 846 2258 908 et
2372 851 2376 865 ’

483 959 524 1061 i<
550 989 603 1025 -ε
628 975 652 1036 Π
679 989 708 1054 a,
735 987 867 1057 quarum
888 969 930 1036 de
953 965 1232 1055 pronunciatione,
1253 983 1325 1031 cum
1344 959 1514 1030 rarissime
1535 966 1761 1049 occurrerent,
1781 948 1868 1028 nihil
1896 961 1980 1028 certi
2006 966 2138 1049 poterat
2158 963 2257 1031 innc-
2289 1027 2293 1038 ,

485 1091 558 1158 niri.
610 1085 763 1158 Ceterum
783 1086 879 1153 nubis
899 1083 1185 1172 persuasissimum
1208 1080 1374 1168 habemus,
1395 1078 1516 1167 placita
1536 1083 1650 1145 nostm
1678 1077 1784 1144 serius
1806 1077 1897 1145 ocius
1918 1085 2038 1152 euentu
2061 1079 2259 1167 comproba.

486 1214 554 1274 tum
574 1207 625 1272 iri.
689 1203 781 1272 Sane
800 1203 910 1269 multis
931 1219 1048 1268 nouum
1070 1204 1105 1268 et
1125 1199 1302 1267 inauditum
1328 1195 1510 1282 videbitur,
1535 1192 1661 1262 Persas
1688 1194 1839 1281 antiquos
1867 1195 2075 1284 alphabetum
2102 1197 2258 1266 hahuisse

487 1331 562 1392 arte
582 1321 812 1390 combinatoria
833 1320 1016 1408 inuentum3
1037 1316 1113 1402 qnid
1134 1335 1216 1385 vero
1244 1321 1359 1384 contra
1385 1312 1509 1380 moneri
1536 1311 1661 1402 possit,
1690 1331 1752 1378 nos
1773 1311 1903 1398 quidem
1923 1333 1989 1381 non
2010 1314 2174 1382 videmus.
2218 1315 2258 1382 ln

490 1439 599 1508 oeulos
620 1437 766 1525 incurrit,
793 1436 909 1503 literas
930 1435 1022 1502 solas
1042 1417 1132 1516 ›l‹
1149 1451 1202 1484 =
1218 1440 1253 1515 rt,
1279 1415 1349 1501 :l
1362 1439 1460 1512 τι,
1488 1410 1636 1513 Eli-⁴·
1650 1435 1677 1514 i,
1703 1420 1867 1510 »ΜΞ
1881 1439 1917 1508 n,
1940 1421 2014 1517 t<
2031 1439 2122 1514 =t‚
2148 1417 2258 1518 Ξ(-

488 1573 540 1607 =
565 1563 608 1638 ο,
641 1572 718 1624 esse
740 1554 860 1620 seriem
882 1552 1156 1639 combinatoriam,
1177 1570 1222 1618 ex
1243 1567 1308 1638 qua
1336 1549 1458 1616 nullum
1483 1547 1658 1614 membrum
1692 1545 1767 1613 eiici
1794 1546 1850 1614 vel
1883 1549 2070 1618 commutari
2097 1569 2171 1620 cum
2194 1553 2259 1621 alio

489 1678 597 1759 queat.
638 1672 701 1740 Sin
722 1656 847 1738 duobus
867 1671 900 1736 in
923 1669 1106 1758 alphabetis
1127 1669 1313 1735 innumeros
1333 1666 1368 1733 in
1388 1663 1501 1733 modos
1521 1663 1725 1732 mutabilibus
1746 1662 1803 1731 vel
1823 1682 1887 1732 sex
1907 1663 2024 1734 literae
2051 1668 2122 1756 pari
2143 1669 2262 1737 ordine

490 1809 568 1857 nese
590 1789 779 1879 excipiant3
798 1786 1053 1873 concedendum,
1073 1783 1231 1852 eiusmodi
1252 1783 1427 1870 alphabeta
1445 1783 1534 1850 inter
1554 1799 1593 1849 se
1613 1787 1752 1867 cognata
1766 1798 1853 1850 esse.
1876 1774 1988 1865 (tuidi
2010 1783 2093 1872 quod
2112 1785 2260 1872 rehquae

490 1905 607 1972 literae
629 1904 744 1972 eodem
767 1905 880 1972 ordine
902 1921 940 1970 se
964 1903 1138 1989 excipiunt
1201 1901 1288 1968 ilinc
1308 1901 1422 1987 vtique
1443 1899 1600 1988 sequitur,
1625 1899 1830 1987 alphabetum
1853 1900 2058 1971 cuneoinrme
2079 1905 2259 1990 comparari

491 2039 594 2110 posse
615 2023 680 2089 inm
701 2023 734 2086 N
736 1995 904 2109 eopersioo
925 2026 1024 2106 atquc
1045 2017 1209 2086 Hebraico
1229 2017 1370 2104 genuino
1392 2017 1538 2106 ipsisque
1558 2015 1714 2084 hlusemi
1732 2015 1865 2086 debere.

644 2137 819 2212 Quaeritur
838 2143 958 2217 antem,
980 2144 1088 2204 vtrum
1107 2135 1338 2223 inscriptiones
1360 2152 1486 2223 quoqne
1504 2133 1599 2202 nobis
1610 2133 1843 2223 assentiamur,
1855 2151 1918 2202 nec
1938 2153 1991 2204 ne
2033 2137 2150 2224 ltaque
2166 2139 2258 2208 iuua-

490 2256 539 2325 bit
560 2256 690 2322 nomina
710 2254 840 2342 propria
860 2255 987 2343 aliaque
1008 2225 1167 2323 uocabula
1187 2251 1350 2340 nonnulla,
1370 2257 1523 2339 quantum
1543 2251 1637 2320 nohis
1656 2250 1744 2331 licet,
1761 2249 1863 2319 adire.
1918 2249 2042 2335 Qubus
2063 2256 2257 2324 examinan-

492 2373 545 2440 dis
567 2373 687 2440 clarius
707 2371 873 2460 reddatur,
892 2373 949 2440 vbi
976 2372 1109 2440 Lassen
1129 2375 1165 2437 et
1185 2367 1340 2456 Barnous,
1360 2368 1414 2454 qui
1436 2373 1551 2434 nostra
1570 2374 1682 2436 aetate
1702 2368 1840 2436 maxime
1865 2369 2003 2436 omnium
2024 2370 2109 2440 hene
2129 2390 2257 2442 merue-

492 2494 569 2556 runt
589 2488 631 2556 de
651 2489 822 2556 literatura
842 2489 1050 2570 euneoiormi,
1072 2488 1159 2553 inter
1180 2504 1219 2554 se
1231 2483 1414 2567 discedant,
1435 2485 1508 2572 quis
1528 2485 1651 2552 rectius
1672 2483 1785 2554 literas
1805 2486 2081 2575 pronunciauerit.

796 2682 834 2759 s.
858 2673 898 2748 4.
948 2671 1192 2750 anmhrctio
1216 2670 1400 2770 alphabeti
1421 2671 1667 2772 cuacoformais
1691 2673 1951 2752 canditaterii.

644 2841 684 2908 ln
711 2847 838 2929 promtu
859 2839 1017 2908 habemus
1044 2837 1096 2906 33
1125 2839 1254 2908 nomina
1286 2835 1436 2927 propria,
1462 2855 1546 2926 quae
1571 2839 1716 2922 maxime.
1739 2838 1863 2906 iaciunt
1891 2840 1935 2910 ad
1963 2845 2258 2929 pronunciationem

494 2956 660 3026 literarum
682 2957 931 3029 cuneniormium
952 2956 1192 3024 stabiliendam.

648 3068 695 3165 1)
718 3074 927 3140 alabastrum
954 3072 1196 3142 celeberrimum
1223 3072 1635 3162 Persico-Aegyptiacum
1659 3072 1800 3144 Parisiis
1827 3083 2040 3166 asseruatum,
2067 3077 2152 3166 qnod
2175 3097 2255 3146 sne-

492 3165 567 3278 pins
587 3189 709 3258 vitiose
738 3189 992 3280 discripserunt,
1023 3190 1157 3259 exhibet
1187 3189 1279 3258 iuxta
1312 3189 1535 3260 cuneoiormes
1569 3191 1815 3281 inscriptionem
1848 3193 2119 3282 hieroglyphicarn
2152 3195 2256 3264 hanc:
2382 3199 2383 3208 ³

491 3273 1243 3444 Cssffiffldillffli),
1269 3375 1334 3444 qao
1360 3359 1569 3426 contuemur
1600 3359 1777 3428 secunaum
1804 3359 2002 3430 hebraicum
2032 3361 2258 3450 uerticemque
2380 3319 2382 3346 ⁴

492 3472 701 3559 alphabetum
723 3473 786 3538 hae
806 3473 923 3541 literae
931 3469 986 3562 ll:
1091 3492 1229 3558 magnus
1291 3491 1352 3540 rex
1435 3475 1570 3544 Xerxes

646 3916 815 3986 vocabula
835 3916 957 3985 nomini
978 3917 1103 3986 Xerxis
1123 3917 1275 3986 adiuncta
1288 3920 1491 4006 respondent
1512 3917 1659 4011 Capticis
1679 3931 1805 4014 εογιτ
1849 3923 1920 3993 huit
1963 3928 2124 4020 princepe
2166 3946 2263 4030 atque

496 4039 658 4119 ογοοτε
694 4033 784 4102 wite
804 4037 961 4122 ecardus,
982 4036 1165 4103 excellent.
1228 4031 1361 4105 Etenim
1379 4074 1448 4108 ω
1477 4040 1641 4127 significat
1663 4045 1730 4110 tin
1757 4043 1886 4112 nomine
1906 4043 2077 4133 Amyntaei
2097 4052 2265 4144 hierogly-

496 4153 590 4240 phico
612 4160 711 4242 atque
732 4155 855 4240 passim
877 4173 937 4241 pro
958 4153 1063 4221 litenis
1085 4155 1099 4218 l
1118 4153 1310 4222 sonantibus
1330 4158 1503 4246 reperitur,
1522 4159 1627 4227 veluti
1646 4183 1732 4232 ιι-
1753 4169 1789 4230 et
1810 4139 1847 4242 Ι.
1890 4163 2088 4232 Vocabulum
2100 4139 2172 4253 H
2185 4177 2269 4258 qui-

497 4269 569 4335 dem
604 4272 736 4357 saepius
764 4271 928 4358 reperitur
954 4270 1072 4338 annulo
1099 4271 1190 4356 regio
1219 4270 1394 4362 inclusum,
1420 4277 1470 4344 vti
1498 4276 1532 4342 in
1570 4278 1657 4346 stele
1687 4277 1822 4348 Traiani
1842 4280 2007 4372 Parisino,
2026 4301 2109 4370 qnae
2130 4284 2266 4358 Graece

497 4385 622 4470 scripta
642 4389 745 4454 solum
759 4389 851 4472 ,hune
872 4388 1023 4476 annulum
1043 4385 1396 4479 hieroglyphicumpro
1411 4392 1504 4460 titulo
1526 4391 1683 4486 habete).
1745 4393 1801 4464 Ex
1827 4417 1890 4486 quo
1920 4407 2029 4486 patet,
2051 4371 2119 4489 H
2146 4409 2268 4492 partim

496 4501 687 4598 vocabulum
708 4504 876 4591 singulare
897 4506 1011 4588 luisse,
1031 4503 1150 4591 partim
1170 4505 1292 4592 agium
1312 4525 1395 4576 vere
1422 4507 1546 4578 titulum
1576 4512 1796 4598 expressisse.
1858 4515 1926 4584 lara
1946 4517 2145 4592 ahhastrnm
2165 4521 2266 4594 Pari-

496 4745 695 4761 Q

648 4940 687 5018 b)
708 4943 788 5002 Vlde
808 4943 952 5002 'rabulam
972 4943 1139 5005 adiunctam
1160 4951 1216 5009 lv.
1261 4947 1265 4954 ’

650 5059 688 5138 a)
711 5061 780 5120 vid.
800 5061 874 5120 llibl.
896 5061 976 5140 Aeg.
998 5063 1063 5122 MS.
1085 5079 1133 5122 no.
1153 5061 1247 5125 3326.
