4814 6104
869 554 1123 608 ...vn-

106 743 364 847 explicatam·-
417 741 520 833 Quae
550 735 734 830 vocabula,
781 727 932 811 unxina
970 731 1110 810 noun'ne
1142 731 1283 834 propria
1323 737 1528 830 argumento
1567 731 1648 824 sint,
1679 732 1885 834 principium

106 892 395 996 hieroglyphicas
424 892 538 970 lauisse
564 915 637 966 nnn
666 885 950 990 aerophonican,
997 882 1064 960 sed
1094 883 1383 986 mythologiarum.
1433 882 1624 960 Multorum
1649 883 1741 960 enim
1765 883 1884 985 opimo

104 1055 168 1139 est,
192 1043 497 1148 hieroglyphicas
522 1041 670 1142 quoduis
715 1037 936 1142 matiana
960 1043 1163 1114 causeum
1186 1059 1264 1112 eun
1289 1035 1497 1135 siguificare
1518 1056 1652 1128 sonan,
1671 1057 1742 1134 quo
1765 1032 1886 1111 hiero·

104 1194 269 1300 glyphiaa‘
293 1219 417 1274 nomen
441 1194 597 1297 nupia
656 1191 784 1272 smus
807 1188 896 1267 haec
920 1195 1003 1266 sunm
1032 1189 1215 1264 maximam
1247 1195 1381 1290 maen
1410 1207 1460 1264 ex
1491 1186 1602 1266 bibus
1632 1183 1884 1264 anuniuibas

107 1371 197 1449 opus
232 1345 472 1449 Spchuiannu
511 1344 558 1422 da
585 1345 711 1444 lingua
735 1351 780 1420 et.
802 1341 917 1420 literis
956 1339 1218 1442 Aegyptiorum
1242 1338 1518 1431 absohentibus
1540 1359 1632 1436 qnae
1668 1337 1883 1438 praeparem,

99 1498 238 1576 scilian
280 1495 531 1600 Explicadmo
565 1497 664 1573 lasa
701 1497 846 1574 Βοιαὶ.
876 1494 1099 1590 aliarumque,
1131 1489 1368 1570 Gmnnatioa
1398 1501 1437 1568 et
1465 1485 1607 1567 Lexieo
1637 1486 1881 1591 Aegypdaoo.

102 1650 376 1730 vocabularium
410 1649 633 1727 cuneodome
657 1646 806 1725 ealdbet
826 1669 896 1723 nou
922 1645 1034 1720 solum
1059 1644 1258 1738 Persarum,
1284 1641 1351 1720 ned
1374 1641 1562 1720 Medorum
1588 1650 1628 1718 et
1648 1638 1883 1740 Assyriorum

103 1827 241 1902 quoqne
270 1801 395 1879 literas
427 1807 467 1878 et
487 1797 664 1876 vocabula
685 1797 852 1874 nonnulla
874 1797 1063 1900 explicata.
1113 1794 1225 1886 Qum
1251 1795 1339 1872 eninr
1364 1794 1434 1872 hee
1459 1793 1654 1896 smiptnrae
1678 1791 1798 1868 adhoc
1819 1793 1883 1870 ob-

103 1977 233 2032 sarrae
259 1951 404 2030 effidem
427 1950 536 2049 loges
555 1957 660 2047 mque
683 1948 835 2026 Persica
870 1948 972 2048 sequi
994 1945 1214 2042 viderentnm
1238 1946 1464 2040 onmodnns,
1484 1946 1608 2022 literas
1624 1943 1795 2022 Menos
1819 1962 1882 2019 cu-

100 2105 307 2180 ueofomes
336 2101 497 2202 singaulas
533 2100 737 2202 exprimere
764 2121 954 2177 consonam
990 2121 1069 2176 orn
1100 2099 1232 2194 vocali,
1261 2097 1443 2200 Assyrias
1466 2121 1558 2174 vero
1581 2115 1770 2174 consonam
1804 2115 1883 2170 omn

100 2276 264 2331 consona
298 2277 363 2356 pro
393 2252 530 2328 ratiooe
566 2252 741 2332 ludorum.
799 2251 884 2328 luat
914 2249 1102 2356 meta
1131 2251 1222 2328 haee
1252 2259 1375 2326 nostra
1406 2249 1534 2324 multos
1559 2249 1706 2326 oderant
1730 2267 1881 2336 errores,

100 2417 139 2480 vt
164 2403 301 2481 accidit
336 2385 478 2506 primurn
512 2401 684 2478 eiusmodi
715 2402 906 2505 periculum
936 2403 1166 2497 ledentibnsa
1196 2419 1400 2504 persuasum
1421 2408 1535 2475 maren
1560 2398 1665 2476 nobis
1689 2409 1757 2488 est,
1783 2405 1883 2472 certe

99 2557 289 2632 nonnullas
319 2555 442 2629 literas
472 2562 571 2628 recte
605 2577 649 2630 se
678 2553 819 2631 habere.
891 2555 1027 2633 Saltem
1059 2554 1260 2658 probabitur
1289 2552 1405 2628 serius
1437 2550 1550 2644 ocius,
1579 2547 1763 2627 Medicum
1793 2571 1881 2646 quo-

98 2731 168 2804 que
196 2704 461 2805 Assyriumque
485 2702 708 2804 alphabetum
737 2706 961 2782 cuueoinrmo
990 2707 1120 2808 pariter
1152 2715 1260 2805 atque
1291 2703 1546 2805 Babylonicum
1578 2700 1718 2801 legibus
1749 2698 1882 2776 combi-

97 2852 253 2928 natoriis
277 2852 378 2928 iurati
403 2851 449 2925 ad
473 2851 585 2926 instar
617 2853 768 2930 Persici.
819 2855 958 2932 Eodem
992 2865 1132 2959 spectat
1163 2855 1347 2956 inscriptio
1380 2852 1616 2930 cuneosormis
1640 2853 1675 2926 iu
1702 2851 1778 2952 ripa
1802 2849 1881 2924 Eu-

98 3003 242 3107 phratis
267 3025 421 3102 nupera
452 2998 499 3073 de
529 2998 770 3076 Miihlenbach
796 3013 947 3105 reperta,
971 3029 1061 3102 quae
1086 3029 1155 3080 non
1181 3031 1307 3080 nouum
1333 3005 1528 3106 scripturae
1554 3001 1787 3078 cuneoformis
1812 3022 1882 3098 ge-

101 3179 183 3246 nus,
211 3149 278 3226 sed
303 3147 484 3224 Medicum
509 3149 644 3224 iamiam
671 3161 789 3227 notum
812 3155 914 3229 offert
946 3154 1170 3253 negligenter
1200 3161 1391 3228 exaratum.
1416 3153 1579 3250 Denique
1604 3149 1808 3226 dissertatio
1834 3147 1881 3224 de

102 3300 282 3380 rneusuris
307 3301 547 3376 Hebraeorum
579 3299 743 3377 adiuncta
772 3303 928 3403 explicat
960 3303 1065 3380 ulnas
1097 3302 1349 3404 Aegyptiacus
1378 3302 1538 3400 antiquas
1567 3323 1635 3403 ope
1668 3323 1879 3401 papyrorurn

102 3449 388 3544 Taurinensium,
415 3450 473 3548 qui
498 3449 677 3526 continent
691 3452 831 3551 antiqua
855 3452 1100 3553 hypogeorum
1130 3453 1378 3530 Thebanorum
1403 3449 1670 3542 delineamenta,
1696 3451 1791 3526 circa
1815 3475 1881 3524 au-

17 3597 19 3612 ’
102 3598 481 3680 onoltisbach.
514 3600 620 3677 facta.
672 3601 785 3691 Quum
816 3601 866 3679 ibi
898 3625 1058 3678 camerae
1090 3602 1254 3702 singulae
1285 3625 1467 3678 mensuras
1498 3625 1583 3676 suas
1615 3599 1880 3677 accuratissime

100 3755 277 3845 indicent,
307 3774 477 3849 quumque
506 3750 630 3826 eadem
664 3752 833 3857 hypogea
870 3751 1098 3853 Francogalli
1137 3753 1229 3830 duce
1260 3753 1477 3854 Napoleone
1510 3752 1620 3829 metiti
1654 3751 1741 3848 sint3
1773 3751 1879 3829 facile

101 3907 167 3982 luit
193 3903 448 3994 demonstrare,
473 3901 591 3976 vlnarn
615 3901 892 4004 Aegyptiacam
917 3911 1035 3982 aetate
1055 3905 1177 3980 Mosis
1202 3911 1374 3996 usitatam,
1398 3904 1513 3979 baisse
1537 3904 1717 4005 aequalem
1741 3903 1791 3978 illi
1819 3927 1880 3979 se-

103 4058 200 4150 riari,
228 4055 330 4132 cuius
355 4051 517 4152 exempla
542 4039 795 4128 chnseruantur
820 4053 979 4146 Taurini,
1005 4053 1157 4129 Parisiis
1190 4063 1227 4130 et
1259 4052 1438 4152 Lugduni.
1491 4053 1626 4145 Quibus
1650 4054 1745 4128 vlnis
1771 4076 1879 4152 egre-

103 4209 164 4306 gie
189 4205 342 4281 illustari
369 4202 505 4280 demum
531 4201 683 4320 ridetur,
698 4202 865 4301 quidquid
882 4204 919 4278 in
945 4201 986 4280 S
1021 4203 1067 4280 S..
1075 4203 1227 4306 pertinet
1250 4201 1296 4278 ad
1323 4228 1514 4281 mensuras.
1544 4245 1595 4264 -
1621 4203 1796 4304 Superest
1821 4202 1878 4278 di-

103 4381 188 4433 cere
215 4356 264 4433 de
289 4355 386 4456 typis
418 4353 521 4430 nouis
554 4352 685 4429 hocin
711 4352 880 4454 opusculo
912 4351 1089 4428 adhibitis.
1148 4355 1260 4445 Quum
1292 4363 1374 4432 aute
1404 4355 1473 4432 hos
1505 4355 1596 4432 duos
1620 4379 1733 4433 annos
1764 4377 1878 4457 paene

103 4505 341 4582 absclnissem
366 4505 517 4581 libellum
551 4527 674 4594 meum,
706 4502 744 4579 id
774 4505 873 4581 hreni
896 4511 1053 4607 ternpore
1080 4504 1139 4580 edi
1169 4530 1279 4608 posse
1310 4505 1494 4583 videbatur
1526 4506 1682 4584 adhibila
1706 4506 1879 4608 lithogra-

102 4656 204 4758 phia.
255 4655 366 4746 Quum
405 4677 494 4733 vero
528 4677 678 4754 rogarer
706 4681 728 4729 a
760 4653 985 4756 typographo
1015 4655 1078 4731 nr.
1117 4657 1226 4757 Nics‚
1265 4666 1305 4733 vt
1345 4657 1571 4735 characteres
1610 4659 1773 4736 insolitos
1812 4683 1883 4759 pro

102 4807 277 4884 Jubilaeo
301 4807 387 4884 artis
411 4805 693 4908 typographicae
718 4804 928 4882 celebrando
954 4805 1097 4907 chalybi
1122 4806 1344 4886 excidendos
1371 4833 1546 4904 curarem3
1559 4834 1628 4887 uon
1642 4812 1739 4912 potui
1770 4829 1875 4884 recu-

17 4975 19 5000 *
104 4982 202 5050 sare,
228 4953 323 5056 quod
346 4979 433 5034 vere
482 4979 695 5034 communem
720 4953 766 5031 ad
791 4955 974 5034 entitatem
1004 4957 1212 5058 laudemque
1243 4967 1430 5062 spectaret.
1486 4960 1583 5036 Hinc
1612 4984 1677 5062 per
1701 4961 1877 5057 integram
