4796 6106
1247 565 1497 644 ..oo-

488 783 549 847 bus
569 773 769 865 appelletur:
790 772 922 854 Noaob,
944 767 1070 858 Tboth,
1092 769 1217 857 Taaut,
1237 765 1407 859 Sisustro,
1427 767 1616 857 Sesostris,
1636 767 1753 858 blano,
1773 767 1868 857 Pobi,
1889 768 2081 857 Deucalion,
2102 767 2254 856 Cadmus,

488 891 695 981 Kaiomords‚
716 890 863 979 Ballder,
884 889 991 977 'Poppi
1012 896 1111 975 atque
1131 886 1246 979 ubter3
1266 888 1370 955 claret
1391 893 1501 954 tamen
1511 906 1612 954 vnum
1632 885 1851 954 tantummodo
1866 883 2016 954 diluuium
2035 885 2140 954 baisse
2158 885 2254 975 idque
2376 918 2377 966 γ

396 995 397 1000 ’
487 1011 688 1100 uniuersale,
708 1027 870 1094 unumque
891 1007 1008 1093 Noam,
1029 1023 1122 1092 quem
1143 1004 1246 1072 variis
1267 1005 1508 1091 cognominibus
1518 1003 1724 1090 appellarent
1736 1010 1880 1071 veteres.
1925 1001 2074 1071 Omnium
2087 1004 2170 1070 euim
2182 1011 2251 1072 tra·
2376 991 2377 1080 l

487 1129 630 1198 ditiones
654 1128 689 1192 in
717 1143 756 1193 ao
778 1123 1002 1204 consentiunt,
1024 1121 1103 1189 illud
1124 1121 1273 1188 diluuium
1295 1122 1396 1188 luisse
1418 1121 1616 1188 uniuersale.
1680 1119 1832 1202 Accedit,
1853 1119 1938 1208 quod
1959 1137 2073 1190 omues
2094 1119 2252 1210 diluuium,

487 1247 579 1315 ouius
599 1243 745 1327 vestigia
765 1241 885 1326 vbiquc
906 1245 1066 1306 terrarum
1086 1243 1212 1326 patent,
1234 1237 1339 1304 eidem
1360 1239 1431 1306 lere
1458 1239 1592 1306 saeculo
1603 1285 1615 1324 ,
1640 1228 1744 1324 quid?
1775 1237 1860 1326 qnod
1882 1237 1987 1306 eidem
2007 1239 2115 1306 mensi
2135 1245 2171 1304 et
2191 1239 2253 1306 diei

486 1362 691 1449 adscribuut3
718 1377 814 1443 porro
844 1356 930 1445 quod
957 1375 1070 1422 omnes
1097 1355 1267 1423 biston‘am
1293 1353 1402 1421 diluuii
1424 1355 1611 1443 parimodo
1633 1362 1766 1423 narrant
1788 1355 1936 1422 certein
1962 1355 2060 1422 rebus
2080 1354 2252 1442 primariis.

487 1476 641 1548 Ceterum
670 1475 742 1563 quia
770 1479 874 1562 putet,
895 1473 1021 1542 Mosen
1047 1471 1160 1540 lallare
1182 1471 1330 1540 valuisse
1356 1478 1476 1558 gentes
1497 1477 1564 1538 tum
1587 1473 1744 1558 temporis
1764 1473 1926 1540 uiuentes.
1992 1471 2072 1538 Cum
2095 1471 2165 1554 bas,
2189 1482 2254 1540 tum

486 1597 571 1664 alias
599 1595 639 1660 ob
669 1612 789 1662 causas
819 1591 997 1678 permultas
1024 1591 1139 1677 negari
1165 1589 1293 1676 nequit,
1320 1588 1472 1656 diluuium
1499 1573 1602 1656 luisse
1631 1589 1788 1674 generale
1811 1586 1836 1654 9
1858 1607 1989 1658 meuses
2011 1589 2141 1676 durana,
2162 1593 2253 1658 euius

484 1717 596 1781 aetate
617 1708 749 1801 (3446
771 1730 803 1778 a.
825 1705 909 1801 Cb.)
929 1709 964 1774 N
965 1707 1039 1796 oab,
1059 1707 1111 1774 cui
1133 1705 1281 1775 Coranus
1301 1707 1376 1794 ipse
1396 1707 1511 1774 librum
1532 1705 1656 1795 tribuit,
1667 1705 1885 1796 alphabetum,
1898 1713 1937 1774 vt
1956 1711 2090 1774 veteres
2109 1704 2252 1794 uadunt,

484 1829 648 1896 inuenerit
658 1823 706 1919 ³).

638 1943 732 2019 Quae
759 1941 910 2033 traditio,
935 1948 974 2010 vt
1001 1941 1160 2029 diximus,
1183 1942 1323 2009 maxime
1344 1941 1531 2029 alphabetis
1550 1945 1700 2009 veterum
1721 1941 1805 2030 ipsis
1827 1939 2042 2010 confirmatur.
2109 1939 2251 2009 Omnium

487 2063 573 2131 enim
605 2061 677 2129 iere
709 2061 886 2147 alphabeta
920 2061 1007 2128 inter
1044 2078 1083 2126 se
1120 2059 1328 2127 consentiunt
1356 2059 1461 2126 literis
1489 2057 1723 2146 principalibus
1750 2056 1804 2124 to
1833 2059 1963 2145 primis,
1983 2059 2130 2126 nimirum
2152 2058 2251 2127 Chal·

484 2180 613 2245 daicum
635 2177 689 2245 vel
710 2177 918 2266 Hebraicum,
940 2176 1128 2265 Persicum,
1149 2176 1343 2264 Arabicum,
1363 2177 1584 2263 Phoenicium,
1616 2175 1877 2256 samaritanum,
1903 2173 2087 2262 Syriacum,
2108 2176 2252 2263 Persica,

485 2295 718 2382 cuneosormia,
746 2291 999 2382 sinaei-ilicum,
1029 2293 1214 2376 Graecum,
1240 2293 1407 2381 Lahuum,
1436 2293 1676 2379 Aegyptiacum
1703 2292 1867 2379 multaque
1898 2292 1974 2360 alia.
2039 2285 2150 2380 Quid?
2170 2293 2249 2381 quod

485 2413 666 2498 scripturae
687 2430 814 2498 quoque
836 2409 984 2496 Sinicae,
1007 2417 1045 2478 vt
1066 2410 1225 2477 Remusat
1246 2409 1366 2496 docuit,
1387 2407 1593 2498 alphabetum
1608 2406 1840 2476 tartarorum
1861 2411 1985 2477 subest
2029 2407 2122 2493 Quae
2141 2409 2246 2496 alpha·

483 2529 562 2595 beta
581 2529 776 2594 conueniunt
794 2529 879 2595 inter
902 2547 943 2595 se

636 2639 679 2735 a)
701 2645 820 2710 ordina
847 2645 1032 2710 literarum.
1097 2638 1215 2711 0muia
1241 2643 1325 2711 euim
1351 2641 1508 2728 incipiunt
1528 2641 1569 2708 ab
1591 2648 1615 2705 lt
1640 2651 1662 2706 3
1687 2649 1720 2719 l,
1749 2662 1772 2708 a
1799 2639 1819 2708 b
1850 2661 1889 2729 c,
1927 2667 1951 2709 o
1977 2644 2003 2728 β
2027 2665 2049 2726 y
2078 2651 2166 2711 ets.
2195 2665 2249 2734 p.3

485 2761 591 2829 omnia
612 2767 688 2847 post
704 2781 737 2826 m
758 2761 883 2828 habent
903 2781 940 2848 a,
963 2765 1061 2847 atque
1082 2759 1115 2827 in
1137 2759 1285 2827 omnibus
1310 2760 1427 2828 literae
1454 2758 1591 2827 vocales
1617 2759 1704 2827 inter
1731 2777 1895 2828 consonas
1920 2761 2127 2848 reperiuntur
2154 2761 2248 2828 certis

482 2879 517 2944 in
538 2877 619 2945 locis
639 2877 795 2946 insertae.

635 2990 678 3086 b)
700 3015 838 3064 amoeno
859 2997 1036 3063 bimorum
1054 2994 1305 3082 prbuariomm
1361 2992 1483 3083 Vtique
1504 2995 1611 3083 populi
1632 2993 1717 3062 varii
1739 2994 1944 3082 alphabetum
1966 2995 2122 3083 antiquom
2144 3013 2248 3061 aure·

483 3116 558 3177 runt
578 3113 611 3179 iu
632 3112 697 3180 buc
719 3115 813 3180 nonis
834 3133 874 3181 ac
895 3113 1073 3181 diacriticis
1095 3132 1126 3180 e.
1148 3135 1179 3200 g.
1201 3112 1314 3178 Latini
1336 3112 1438 3178 tribus
1459 3133 1488 3178 a
1508 3133 1531 3200 p
1551 3134 1592 3201 a,
1615 3110 1738 3179 Graeci
1759 3119 1895 3199 quatuor
1916 3137 1943 3201 φ
1960 3136 1985 3192 χ
2004 3129 2034 3198 ψ
2054 3134 2097 3191 ω,
2120 3110 2248 3180 Persae

484 3225 926 3319 13‚1noi24,atquepr0
948 3230 1086 3318 singulis
1107 3229 1213 3297 literis
1235 3229 1393 3315 Aegyptii
1413 3229 1551 3296 subinde
1572 3229 1723 3315 pecuaria
1750 3231 1846 3315 signa
1877 3230 1932 3296 vel
1962 3231 2082 3298 formas
2111 3228 2250 3297 inuene-

481 3350 564 3412 mnt.
631 3345 757 3415 Tamen
783 3349 900 3417 literae
925 3355 1076 3416 veterum
1098 3347 1250 3432 antiquae
1271 3367 1403 3415 numero
1426 3365 1552 3433 quoque
1577 3347 1663 3414 inter
1683 3364 1723 3413 se
1751 3349 1972 3416 consentiunt.
2036 3347 2248 3434 Alpbabetom

481 3461 565 3526 enim
592 3482 613 3528 a
644 3463 754 3528 Tbolb
782 3463 853 3530 siue
881 3465 989 3530 'Paaut
1017 3464 1180 3528 inuentum
1210 3462 1383 3550 continuit,
1409 3471 1447 3530 vt
1468 3461 1666 3530 Plutarchus
1687 3462 1812 3530 diserte
1840 3471 2014 3551 memorat,
2041 3461 2095 3529 25
2117 3463 2249 3550 literasp

480 3580 580 3660 atque
602 3575 736 3641 totidem
758 3577 885 3643 inerunt
906 3576 1052 3661 reliquis,
1072 3575 1102 3640 si
1123 3573 1321 3640 discesseris
1342 3598 1363 3644 a
1384 3578 1504 3667 tribus,
1534 3599 1635 3666 quas,
1667 3598 1760 3665 quum
1787 3579 1862 3646 aliis
1882 3582 1988 3648 literis
2008 3581 2145 3670 exprimi
2172 3601 2250 3668 pos·

481 3695 569 3776 sent,
592 3690 739 3778 plerique
760 3711 803 3758 ex
824 3692 999 3779 alphabeto
1021 3691 1196 3758 eiecenrnt
1254 3689 1315 3758 Sic
1336 3691 1480 3758 Hebraei
1502 3699 1578 3777 post
1600 3692 1832 3782 nhaboerunt,
1853 3701 1891 3760 vt
1912 3693 2036 3762 Psalmi
2057 3699 2252 3786 alphabetici

480 3806 611 3896 docent,
632 3808 782 3875 vocalem
809 3805 849 3896 V,
872 3826 956 3895 quac
978 3805 1064 3895 apud
1085 3808 1235 3896 Latinos,
1258 3807 1420 3894 Graecos,
1447 3805 1619 3897 Etruscae,
1644 3809 1937 3898 Teutones,lndos
1950 3819 2049 3900 atque
2063 3815 2097 3882 iu
2110 3815 2252 3903 scriptu-

479 3923 527 3990 ris
556 3925 815 3992 cuneolormibns
840 3924 1052 4011 Zendicaque
1079 3931 1115 3992 et
1142 3923 1298 3992 Pebluica
1325 3943 1389 3993 uon
1410 3926 1519 4012 periit.
1583 3925 1667 3993 ltem
1688 3927 1774 3994 inter
1800 3933 1911 3996 letti
1939 3931 2107 4020 plerisque
2138 3935 2171 3999 in
2204 3933 2254 4000 al-

479 4038 630 4128 phabetis
652 4043 844 4111 exciderunt
865 4041 998 4110 uocales
1019 4044 1114 4132 duae,
1135 4061 1216 4129 quas
1239 4043 1300 4109 soli
1322 4044 1494 4133 Aegyptii,
1515 4043 1588 4111 ludi
1603 4050 1756 4132 tanquam
1778 4047 1804 4113 u·
1823 4054 1859 4116 et
1880 4049 1937 4136 tri,
1955 4046 2072 4115 Graeci
2090 4057 2257 4131 tamquam

479 4182 499 4234 η
520 4165 555 4224 et
574 4184 603 4224 ει
624 4159 837 4247 Delphicum,
859 4179 923 4227 nee
944 4179 1007 4226 non
1028 4158 1177 4226 Zendica
1200 4167 1235 4226 et
1257 4158 1411 4226 Pebluiea
1431 4163 1593 4249 scriptura
1617 4181 1687 4230 curu
1716 4161 1826 4232 Colica
1847 4171 2006 4252 tamquam
2033 4165 2053 4228 ἑ
2074 4169 2108 4228 et
2129 4163 2143 4224 i
2164 4167 2254 4229 reti-

479 4280 628 4341 nuerunt.
672 4275 809 4342 Diserte
830 4277 915 4344 enim
937 4280 1073 4342 veteres
1095 4280 1223 4360 septem
1244 4275 1408 4361 alphabeti
1430 4279 1567 4345 vocales
1594 4285 1790 4367 memorant,
1819 4301 1918 4369 quare
1941 4283 2115 4364 praetera
2145 4301 2189 4332 =
2219 4305 2254 4368 α,

479 4393 569 4452 tl:
589 4412 615 4476 e,
641 4400 651 4440 t
673 4421 716 4451 =
737 4419 760 4479 ι,
785 4400 867 4463 tt:
895 4416 929 4478 ο,
962 4391 1060 4457 Vr:
1093 4392 1123 4455 Y
1147 4391 1323 4479 antiquitus
1345 4391 1428 4460 duae
1448 4392 1595 4460 adfuisse
1620 4395 1811 4484 debuerunt,
1833 4393 2025 4482 praesertim
2054 4412 2124 4459 cum
2145 4393 2250 4462 index

479 4507 601 4575 dierum
623 4505 831 4575 hebdomadis
853 4505 938 4596 apud
961 4508 1092 4574 Arabes
1113 4508 1261 4575 lacunam
1281 4507 1440 4594 duplicem
1463 4505 1582 4577 babeat
1602 4511 1689 4579 iuter
1714 4519 1725 4574 t
1748 4519 1783 4579 et
1803 4515 1841 4591 o,
1888 4487 2047 4595 quomque
2089 4511 2249 4597 Aegyptii

628 4877 667 4954 3)
687 4878 759 4938 Vld.
781 4875 917 4953 Pojono:
939 4880 1025 4940 bella
1046 4881 1248 4942 Universallta
1269 4881 1317 4939 del
1338 4880 1476 4953 Diluvlo;
1499 4882 1530 4940 ln
1552 4883 1704 4959 Pollgral'o
1726 4881 1756 4939 di
1777 4883 1899 4939 Verona
1919 4880 2012 4940 leet.
2033 4883 2067 4941 u.
2088 4883 2142 4943 XI·
2156 4883 2242 4942 Fuso

477 4979 592 5040 XXVI.
613 4995 644 5054 p.
665 4977 735 5038 145.
757 4981 814 5040 ool.
835 4981 949 5058 lllgecs
971 4981 1145 5042 zeitschr.
1169 4982 1273 5040 hlator.
1295 4971 1399 5040 uheol.
1422 4983 1457 5040 ¹1¹.
1478 4983 1536 5042 IV.
1555 4983 1622 5041 Vol.
1646 4981 1674 5040 8.
1695 4997 1724 5053 p.
1747 4979 1775 5036 1.
1797 4996 1858 5053 sqq.
