4774 6104
894 617 1148 696 ...⁴⁹13-

129 817 312 887 llarissime
334 817 491 908 Aegyptii
511 819 725 890 adhibuerunt
744 819 892 908 symbola
913 819 1000 888 inter
1020 820 1134 889 literas
1155 837 1244 924 suas,
1266 823 1365 909 atquc
1378 819 1489 912 multa,
1504 822 1659 910 symbolis
1680 823 1807 911 similia,
1824 833 1901 899 sunt

128 955 238 1042 potius
271 955 488 1043 alphabetico,
515 956 565 1023 vti
667 957 724 1018 >tlt
750 933 870 1040 Νογῒ
890 954 1052 1042 habitatio
1074 957 1139 1045 dei,
1160 954 1322 1043 templum

282 1071 376 1146 erns
405 1074 447 1140 ob
476 1091 594 1140 causas
623 1073 728 1140 omnis
754 1071 992 1160 Acgyptiorum
1018 1071 1187 1140 literatura
1222 1092 1288 1139 nou
1324 1071 1521 1160 phantasiae
1550 1073 1677 1161 quidem
1705 1077 1803 1146 uiuae
1830 1098 1903 1170 ope,

127 1187 191 1257 sed
212 1189 390 1278 philologia
411 1209 493 1258 sana
514 1210 553 1258 ac
573 1189 786 1277 grammatica
805 1191 933 1258 ratione
954 1191 987 1258 iu
1000 1191 1103 1259 vitam
1116 1190 1262 1257 reuocari
1283 1209 1384 1277 posse
1405 1190 1546 1258 videtur.
1574 1191 1641 1259 Per
1660 1197 1901 1280 grammaticam

126 1306 238 1374 serius
268 1307 357 1374 ocius
383 1327 424 1376 eo
450 1308 641 1396 permeant,
667 1313 707 1374 vt
728 1313 808 1389 tota,
827 1325 912 1396 quac
933 1327 977 1376 ex
998 1309 1131 1395 antiqua
1145 1307 1297 1394 Aegypto
1319 1307 1413 1374 nobis
1434 1309 1615 1392 obuenerit,
1637 1309 1819 1381 hereditate
1841 1313 1903 1383 lrui

126 1423 238 1503 liccat,
261 1424 368 1492 instar
390 1425 590 1495 Graecarum
612 1424 788 1492 literarum.
833 1423 927 1508 Quod
950 1443 1016 1490 uon
1037 1425 1128 1491 tlocci
1147 1424 1401 1492 aestumandum.
1430 1421 1566 1512 Scripta
1586 1427 1670 1494 cuim
1691 1429 1899 1516 Aegyptiam

124 1540 210 1608 adeo
237 1561 411 1610 numerosa
437 1551 533 1633 suut,
552 1550 593 1611 vt
612 1541 671 1610 vix
692 1547 821 1609 centum
840 1541 1058 1609 voluminibus
1079 1541 1152 1628 capi
1179 1561 1280 1628 posse
1308 1539 1500 1634 uideantur3
1526 1544 1689 1632 multoque
1716 1547 1899 1634 antiquiora

124 1659 272 1725 omnibus
294 1658 505 1747 Graecorum,
525 1660 716 1728 Latinorum
737 1655 1019 1750 Orientaliumque
1041 1658 1144 1746 libris,
1165 1678 1270 1748 eaque
1291 1661 1494 1752 incorrupta3
1516 1661 1634 1748 quippe
1655 1663 1687 1728 iu
1710 1682 1898 1732 monumen-

123 1775 169 1843 tis
192 1777 403 1866 autographis
425 1779 496 1845 iere
517 1777 559 1845 ab
581 1775 758 1843 Abrahami
778 1775 855 1843 indc
876 1780 988 1844 aetate
1009 1783 1154 1844 seruata.
1198 1777 1399 1868 Tenendum,
1421 1778 1607 1865 Aegyptios
1628 1779 1669 1844 ab
1702 1780 1895 1868 antiquissi-

122 1894 187 1960 mis
207 1894 284 1961 inde
305 1894 505 1980 temporibus
526 1911 638 1960 verum
660 1893 867 1981 alphabetum
894 1894 929 1960 in
956 1913 1019 1961 vsu
1048 1894 1204 1961 habuisse
1233 1892 1336 1983 idem,
1362 1914 1425 1984 quo
1448 1894 1569 1984 Latini,
1592 1893 1730 1976 Graeci,
1753 1897 1898 1968 Hebraei

121 2011 243 2099 aliique
259 2012 473 2097 scripserunt.
519 2011 553 2078 Α
574 2008 688 2099 quibus
710 2011 867 2098 Aegyptii
888 2027 928 2078 eo
957 2010 1159 2099 potissimum
1187 2010 1427 2093 discesserunt,
1456 2011 1541 2099 quod
1570 2031 1631 2100 pro
1661 2014 1753 2080 souis
1780 2015 1897 2084 iisdem

121 2129 220 2197 varia
253 2130 349 2214 signa
380 2127 613 2222 adhitueruut3
641 2129 714 2196 siue
741 2135 781 2196 vt
815 2129 937 2216 templa
970 2147 1031 2196 sua
1068 2129 1210 2196 maxime
1245 2129 1348 2196 variis
1369 2128 1562 2213 imaginibus
1583 2129 1703 2197 diuinis
1731 2137 1898 2222 ornarent,

121 2245 195 2312 siue
216 2254 255 2312 vt
275 2245 395 2312 sciolos
417 2245 671 2335 peregrinosque
691 2245 876 2332 irriderent,
903 2246 976 2312 siue
1004 2250 1043 2311 vt
1070 2245 1230 2312 vocabola
1255 2244 1387 2313 diuersa
1415 2245 1564 2312 similiter
1593 2248 1746 2314 sonantia
1777 2249 1897 2316 clarius

123 2361 356 2451 discernerent,
377 2363 448 2430 siue
468 2363 551 2430 alias
572 2363 613 2430 ob
643 2381 773 2430 causas.
817 2357 972 2430 Ceterum
995 2367 1099 2449 patet,
1120 2363 1312 2450 scriptoram
1341 2363 1552 2450 symbolicam
1581 2382 1646 2430 noo
1675 2365 1894 2452 antiquiorem

123 2495 203 2548 esse
216 2479 433 2570 alphabetico,
446 2480 507 2547 sed
520 2481 756 2562 recentiorem
773 2485 872 2568 atquc
886 2479 1092 2568 alphabetum
1114 2498 1179 2547 non
1193 2496 1234 2546 ex
1255 2478 1423 2567 symbolis,
1434 2479 1664 2547 vocabulorum
1678 2480 1896 2568 syllabarum·

122 2615 188 2684 quc
206 2599 305 2688 notis,
325 2598 498 2686 prodiisse,
511 2598 571 2666 sed
593 2617 692 2667 versa
713 2601 798 2666 vice.
829 2596 903 2671 Qua
919 2597 951 2666 in
973 2615 1012 2665 rc
1034 2616 1115 2665 caue
1146 2614 1305 2684 prouoces
1326 2594 1369 2663 ad
1391 2595 1578 2664 sinensium
1600 2617 1702 2687 rsum,
1723 2606 1894 2687 postquam

123 2711 285 2780 llemusat
298 2713 543 2794 demonstrauit,
555 2713 742 2783 Sinensium
757 2732 883 2807 quoque
896 2717 930 2780 in
942 2714 1035 2801 siglis
1047 2714 1253 2802 alphabetum
1270 2710 1321 2778 23
1335 2714 1502 2781 literarum
1517 2705 1716 2782 reconditum
1738 2733 1828 2783 csse.

277 2825 313 2893 3.
354 2827 576 2914 alphabetum
596 2828 799 2917 Aegyptium
818 2851 888 2898 rona
909 2850 933 2896 a
960 2829 1147 2898 Phoenicio
1174 2834 1339 2917 originem
1365 2829 1485 2920 hahet,
1511 2833 1578 2898 iano
1605 2835 1780 2921 utrumque
1800 2851 1894 2901 cono-

120 2945 219 3010 muni
237 2963 285 3010 ec
304 2944 401 3030 sonte
418 2949 647 3033 praemonuit,
670 2949 793 3033 quippe
814 2944 858 3012 ab
879 2945 1055 3031 alphabeto
1080 2947 1330 3014 chaldoeorum
1350 2951 1510 3033 genuino.
1553 2945 1687 3016 Etenim
1713 2971 1809 3037 quum
1829 2970 1894 3018 ve·

120 3067 216 3129 teres
236 3062 292 3128 alii
317 3061 519 3149 Phoeniciis,
541 3063 598 3128 atii
624 3063 802 3151 Aegyptiis
823 3064 998 3131 tribuerint
1027 3063 1193 3130 literarum
1222 3065 1462 3154 incentionem
1489 3069 1582 3150 patet
1610 3065 1672 3130 has
1699 3066 1893 3133 traditiones

120 3183 181 3246 aut
200 3178 280 3244 nihil
303 3180 451 3268 probare,
471 3185 528 3247 aut
550 3179 673 3247 rectius
695 3179 833 3266 intelligi
861 3180 993 3248 debere.
1044 3171 1155 3262 Quiri
1183 3180 1267 3267 qood
1296 3176 1450 3246 Cadmum
1477 3180 1581 3267 ipsum
1607 3180 1755 3247 iecerunt
1776 3181 1894 3270 Aegy·

120 3291 300 3388 potuum).
353 3297 493 3364 Scilicet
523 3297 699 3385 Aegyptus
727 3284 854 3380 (κλει
879 3285 1125 3386 ψθλπγαια,
1140 3297 1317 3384 elyaqodu
1332 3300 1420 3361 terra
1439 3297 1663 3382 praepotentis
1676 3291 1764 3388 Dei)
1785 3297 1892 3384 signi-

118 3414 232 3481 ficauit
250 3413 418 3481 veteribus
447 3432 513 3481 non
539 3413 644 3482 solum
670 3414 793 3482 vallem
823 3415 1014 3500 ΝἰΙοίίοαω,
1040 3432 1155 3481 verum
1188 3430 1326 3500 quoque,
1353 3410 1529 3478 secundum
1555 3411 1764 3498 symbolicam
1792 3420 1892 3502 atquc

119 3530 329 3618 allegoricam
350 3531 504 3620 loquendi
533 3533 693 3599 rationem
715 3538 879 3622 veterum,
899 3531 1029 3599 omnino
1051 3533 1208 3595 terrarum
1236 3528 1346 3594 orbem
1355 3521 1420 3618 ⁵⁸}
1463 3525 1557 3600 erod
1584 3526 1782 3596 Phoenicius
1809 3548 1891 3598 vero

120 3649 242 3716 attinet
262 3648 428 3715 literarum
449 3653 613 3736 auctores,
634 3648 896 3734 distinguendum
924 3654 979 3714 est
1005 3647 1092 3712 inter
1120 3643 1318 3711 Phoenicios
1345 3643 1445 3729 vulgo
1473 3643 1522 3707 sic
1543 3641 1650 3710 dictos
1676 3645 1803 3712 incolas
1821 3646 1893 3715 Pa-

117 3765 294 3852 laestinae,
315 3771 413 3852 atquc
432 3764 631 3833 Phoenicius
651 3767 813 3852 genuinos
835 3761 887 3832 dri
905 3769 1023 3839 utuuoe
1043 3785 1230 3848 yeyooorup,
1255 3780 1337 3848 quos
1349 3758 1514 3826 Eusebius
1527 3758 1653 3827 diserte
1673 3759 1889 3856 appellatur).

120 3881 197 3956 Quo
219 3900 263 3948 ex
285 3880 357 3948 loco
379 3879 516 3950 Eusebii
537 3882 626 3951 clare
647 3888 796 3970 apparet,
815 3881 1014 3948 Phoenicius
1036 3877 1280 3964 antiquissimos
1308 3894 1385 3942 esse
1406 3875 1604 3965 Noachldas,
1632 3897 1675 3943 ex
1697 3895 1775 3944 arca
1803 3878 1890 3946 ditu-

118 4000 224 4068 viana
244 4004 405 4083 tamquam
432 3997 610 4082 regenitos.
673 3999 802 4067 Scirem
832 4013 976 4084 quoqne,
996 4000 1103 4061 utrum
1123 4011 1240 4058 nomen
1261 3990 1506 4057 Phoeniciomm
1528 3993 1703 4060 cohaereat
1723 4013 1793 4060 cum
1815 3997 1889 4065 Ae·

118 4116 276 4205 gyptiaco
301 4100 444 4201 ΦΕΝΒε
475 4114 654 4180 auecrdooa.
696 4113 778 4180 Vtut
799 4113 856 4198 sit,
877 4111 1012 4179 disertis
1032 4108 1145 4176 verbis
1166 4103 1384 4174 Cassiodorus
1405 4109 1505 4173 tradit
1526 4109 1641 4176 literas
1661 4103 1886 4198 hieroglyphi-

120 4251 179 4300 cas
199 4232 261 4300 niti
281 4229 455 4317 alphabeto
481 4225 733 4323 conduma),
756 4234 856 4316 atque
877 4245 990 4296 omnes
1011 4226 1045 4298 in
1066 4244 1106 4292 eo
1128 4223 1346 4313 consentiunt,
1367 4224 1452 4312 quod
1474 4223 1581 4292 l'aaut
1595 4223 1803 4317 Phoenicius,
1814 4227 1886 4298 siue

121 4390 323 4406 μ

273 4483 333 4564 67)
354 4489 466 4548 liusab.
487 4503 519 4548 n.
540 4483 612 4548 oua.
632 4486 693 4546 rld.
714 4487 867 4548 Marsbam
890 4485 962 4544 can.
983 4483 1084 4541 chron.
1104 4500 1132 4559 p.
1155 4477 1226 4537 12¹.
1268 4479 1353 4544 Plato
1374 4477 1406 4538 ln
1426 4479 1550 4556 Phaed.;
1570 4481 1722 4544 Plutarch.
1748 4486 1885 4561 Sympos.

122 4589 177 4650 lX.
198 4586 228 4645 3.
249 4589 304 4646 col.
324 4589 519 4647 Saalschdtn:
541 4591 606 4646 zur
625 4588 807 4646 tleschichtc
828 4587 882 4644 dar
901 4581 1199 4643 Buchstabeusctrritt
1219 4597 1247 4654 p.
1268 4577 1317 4640 tl.

274 4701 332 4781 tle)
354 4705 504 4784 Atyrmoa
523 4705 554 4764 da
575 4699 592 4764 o‘
613 4725 721 4784 κοσμος
741 4701 943 4783 dttqyoparaar.
986 4699 1123 4759 Clemens
1143 4698 1195 4758 Al.
1216 4700 1322 4756 strom.
1343 4699 1367 4756 Ι.
1387 4714 1415 4771 p.
1436 4693 1509 4758 284.
1531 4697 1587 4755 ild.
1607 4699 1690 4771 sylb.

273 4817 332 4894 oo)
352 4822 462 4880 masau.
481 4825 650 4895 Praeparat
670 4821 821 4896 Euangcl.
839 4821 878 4878 1n
898 4835 927 4893 p.
947 4815 999 4874 aa.
1021 4815 1066 4873 od.
1088 4815 1195 4890 Vigor.

12 5005 13 5010 γ
274 4935 332 5012 oo)
354 4937 521 4995 cassiodor.
549 4939 659 4998 chron.
687 4937 726 4996 ad
747 4935 871 4997 naeuus
897 4933 928 4996 lu
955 4930 1108 5010 obeliscis,
1135 4929 1247 5010 inquit,
1280 4946 1368 4990 sacra
1388 4931 1551 5006 priscorum
1579 4930 1747 4989 clraldaicta
1773 4928 1881 5010 sigula,

122 5039 207 5115 quasi
227 5037 334 5114 literis,
354 5036 529 5095 iudicantur.
620 5091 625 5106 ,
1083 5033 1085 5038 ’
1183 5026 1186 5030 ’
1524 5102 1580 5174 a*
