4774 6104
1004 2435 1041 2509 ·Ι·
1215 2435 1242 2504 8
1421 2440 1459 2513 -1-
1609 2440 1830 2511 8:36.

252 2607 403 2696 videsis,
423 2605 509 2672 hanc
530 2605 629 2673 talem
651 2605 806 2673 classium
834 2603 1082 2692 dispositionem
1107 2605 1238 2674 coicere
1258 2606 1396 2693 liguram
1412 2607 1508 2676 cunei
1528 2609 1699 2697 quandam.
1741 2607 1877 2678 Etenim

93 2733 177 2815 post
199 2725 341 2792 classem
362 2723 498 2808 primam
519 2723 621 2790 veluti
643 2724 777 2810 primam
798 2724 892 2791 cunei
915 2727 1041 2810 partem
1062 2723 1210 2810 sequitur
1230 2723 1378 2793 secunda
1403 2725 1511 2792 minus
1536 2724 1604 2794 alta
1625 2734 1661 2797 et
1686 2727 1736 2796 sic
1756 2748 1875 2822 porr03

96 2841 188 2930 quod
210 2859 275 2908 non
296 2838 461 2905 fortuitum
481 2836 623 2927 videtur,
643 2840 706 2905 imo
727 2859 787 2924 pro
808 2847 901 2908 recta
922 2840 1076 2907 classium
1098 2839 1313 2929 dispositione
1335 2842 1486 2930 loquitur.

251 2953 322 3024 lam
342 2955 456 3042 instat,
475 2952 641 3022 indiuidua
662 2953 782 3020 classis
803 2957 959 3043 cuiusque
979 2956 1210 3026 mathematice
1232 2956 1408 3045 disponere
1429 2979 1572 3048 suosque
1599 2962 1634 3026 in
1662 2961 1798 3030 ordines
1819 2982 1877 3032 re-

92 3077 223 3162 digere.
267 3072 340 3155 Quo
361 3071 486 3139 faciunt
507 3071 601 3138 cunei
622 3071 765 3138 initiales
786 3077 822 3138 et
843 3070 1028 3138 secundarii
1055 3073 1253 3158 singularum
1279 3075 1457 3142 literarum
1504 3076 1642 3142 Literae
1671 3079 1758 3144 enim
1786 3080 1871 3147 inci-

93 3195 193 3283 piunt
213 3191 298 3259 aliae
319 3209 340 3256 a
361 3189 499 3276 singulis
521 3189 645 3278 cuneis,
666 3187 753 3256 aliae
774 3206 795 3255 a
816 3187 902 3255 binis
923 3189 1086 3281 temisue3
1107 3189 1293 3276 habentque
1314 3196 1391 3275 post
1412 3191 1556 3258 initiales
1577 3209 1701 3259 cuneos
1722 3193 1803 3260 item
1818 3202 1876 3264 aot

93 3309 248 3396 singulos
268 3312 323 3375 aut
344 3306 450 3396 binos,
470 3312 527 3376 aot
548 3313 661 3375 ternos
681 3306 848 3392 aequales.
892 3303 996 3388 Quam
1018 3306 1058 3373 ob
1081 3325 1212 3373 causam
1233 3305 1400 3374 indiuidua
1422 3306 1581 3374 classium
1603 3306 1733 3396 disponi
1754 3309 1876 3380 debent

94 3425 277 3497 secundom
299 3425 561 3492 consecutionem
582 3441 754 3491 cuneorum
776 3421 988 3490 numericam:
1010 3442 1072 3505 >,
1091 3425 1154 3499 t,
1177 3406 1279 3508 E:
1297 3421 1331 3511 1,
1353 3419 1390 3510 a,
1412 3419 1449 3489 11.
1491 3421 1625 3490 Deinde
1643 3419 1760 3515 claret,
1780 3447 1876 3515 quum

95 3544 217 3613 eadem
237 3543 272 3610 iu
293 3539 402 3608 classe
423 3541 538 3608 variae
559 3541 676 3608 literae
697 3559 718 3608 a
740 3539 879 3626 singulis
900 3539 1013 3606 cuneis
1033 3539 1160 3605 binisue
1181 3537 1350 3624 incipiant,
1365 3537 1515 3626 quamuis
1530 3539 1674 3607 classem
1694 3543 1797 3610 variis
1817 3563 1875 3612 or-

95 3663 229 3731 dinibus
251 3663 413 3726 cunstnre.
458 3654 521 3739 Qui
542 3655 675 3726 ordines
698 3658 905 3726 inueniuntur
934 3656 1049 3724 cuneis
1070 3653 1287 3735 secundariis,
1309 3655 1339 3720 si
1362 3655 1478 3722 eadem
1500 3655 1691 3723 consecutio
1711 3661 1875 3729 numerica

93 3783 261 3848 seruetur.
306 3774 409 3857 Quum
437 3776 525 3843 enim
550 3775 630 3844 ordo
656 3792 718 3858 >‚
743 3779 808 3856 t,
835 3758 880 3860 ξ
908 3772 1100 3840 coniunctus
1127 3772 1173 3838 sit
1194 3789 1268 3838 curn
1289 3770 1403 3837 cuneis
1423 3757 1453 3853 l,
1480 3754 1526 3849 Π,
1550 3762 1601 3852 m
1616 3791 1669 3824 =
1692 3774 1727 3865 1,
1755 3773 1793 3866 Ξ,
1825 3774 1873 3868 33

91 3899 218 3965 literae
239 3888 315 3959 inde
336 3897 429 3958 ortae
449 3891 497 3960 ita
518 3892 647 3981 disponi
674 3891 806 3978 debent,
827 3895 866 3958 vt
887 3889 984 3958 cunei
1004 3889 1147 3958 initiales
1167 3906 1273 3975 aeque
1291 3905 1331 3954 ac
1351 3888 1537 3956 secundarii
1558 3890 1629 3977 pari
1643 3891 1771 3960 ratione
1791 3911 1872 3962 sese

92 4008 282 4097 excipiant.
325 4005 439 4075 sice.
459 4028 492 4094 g
511 4007 700 4073 habebimus
720 4007 842 4074 seriem
863 3987 1873 4090 1111·>1·ὲ1·ξΠ-»ῙΠ.-;1’.113111111-

95 4149 162 4220 que
179 4127 286 4212 legem
300 4123 523 4211 perspexeris,
543 4141 587 4191 ex
608 4142 673 4210 qua
693 4123 813 4191 literae
834 4122 971 4208 siugulis
992 4121 1153 4188 classibus
1173 4119 1361 4208 adscriptae
1380 4120 1608 4190 mathematice
1625 4121 1758 4262 disponi
1771 4142 1872 4192 suos·

96 4266 164 4336 que
186 4245 219 4311 in
240 4241 374 4309 ordines
394 4237 493 4306 diuidi
515 4239 666 4307 debeant.
709 4237 864 4308 Scilicet·
1878 4328 1882 4337 ‚

100 4359 152 4457 J
173 4359 269 4445 Quod
292 4375 414 4424 cuneos
435 4355 597 4426 literarum
618 4355 762 4424 initiales
782 4357 912 4440 attinet,
942 4354 1183 4445 procedendum
1210 4354 1253 4423 ab
1283 4354 1302 4420 1
1334 4356 1378 4423 ad
1407 4353 1432 4424 8
1455 4353 1872 4432 11311111111111111

188 4479 231 4546 ad
255 4476 290 4567 1,
310 4474 418 4563 quoad
437 4474 508 4542 lieri
528 4474 646 4562 possit.
689 4471 753 4542 Sin
773 4472 860 4540 inter
879 4472 995 4542 literas
1017 4470 1069 4541 36
1091 4473 1188 4542 datas
1208 4470 1298 4539 desit
1318 4471 1428 4560 aliqua
1446 4490 1469 4540 a
1490 4473 1593 4540 tribus
1619 4475 1733 4543 cuneis
1754 4475 1872 4565 incipi-

190 4613 262 4682 ens,
284 4614 367 4682 opus
389 4595 452 4662 erit
472 4597 549 4681 post
572 4588 597 4660 2
618 4587 811 4660 1111111111
831 4587 875 4658 ad
900 4591 932 4658 1.
976 4590 1162 4659 Deficiente
1183 4607 1264 4658 vero
1284 4589 1383 4659 litera
1403 4589 1537 4660 duorum
1557 4590 1739 4681 initiatum,
1750 4613 1872 4683 pergas

188 4706 402 4779 11111113.

99 4825 156 4926 θ)
176 4826 305 4899 Eadem
332 4827 521 4896 consecutio
550 4831 704 4896 teneatur
724 4825 759 4893 in
779 4825 893 4896 cuneis
919 4822 1124 4892 secundariis
1151 4829 1251 4914 atque
1279 4824 1378 4896 tertio
1404 4825 1478 4898 loco
1504 4827 1638 4916 positis,
1665 4846 1766 4916 quare
1786 4845 1815 4894 e.
1837 4845 1867 4916 g.

187 4941 264 5028 post
287 4928 327 5027 l<
354 4943 491 5024 ponatur
516 4927 596 5027 l«,
622 4942 698 5026 post
722 4927 809 5025 ld»
830 4925 1010 5026 verol<=
1044 4933 1151 5006 etsie
1175 4953 1284 5025 porro.

1543 5059 1569 5126 7
