4774 6104
878 535 1126 612 ..31-

7 805 8 810 ,
108 735 384 825 ¹inscriptionibus
404 735 599 824 bilingnibns
619 741 715 816 atque
734 733 895 822 exemplis
915 734 1143 802 vocabulorum
1163 732 1383 826 venantibusq
1412 751 1474 822 quo
1497 733 1581 800 lacto
1610 732 1797 814 inueninrus,
1819 754 1882 801 nu-

7 903 8 914 ,
121 871 227 922 meros
248 852 433 940 significare
454 873 557 921 sonos
576 852 732 938 deinceps
754 869 825 938 eos,
848 870 930 938 quos
950 851 1064 919 eodem
1094 850 1205 918 ordine
1237 851 1413 938 alphabeta
1439 852 1574 938 antiqua
1595 850 1771 916 continent
1813 850 1882 917 lam

120 987 192 1036 cum
213 969 329 1038 literae
352 971 520 1059 alphabeti
540 970 644 1042 nostri
663 969 838 1036 innumeris
859 969 928 1036 iere
949 968 1055 1038 modis
1076 970 1162 1038 inter
1183 987 1222 1036 se
1250 968 1377 1055 disponi
1398 976 1537 1058 queant3
1567 967 1795 1056 concludimus,
1819 984 1882 1034 nu·

119 1106 227 1154 meros
249 1087 434 1174 Aegyptios
455 1088 632 1174 literaeque
652 1084 813 1174 ipsorum,
834 1087 909 1174 qnia
928 1087 1001 1174 pari
1021 1085 1135 1154 ordine
1156 1094 1255 1174 atque
1275 1072 1391 1152 literae
1419 1084 1607 1172 numerique
1634 1081 1783 1152 Semitici
1805 1101 1883 1150 sese

118 1204 299 1294 excipiunt,
321 1207 512 1292 prouenisse
534 1223 576 1272 ex
597 1203 773 1291 alphabeto
794 1203 990 1272 Semitanrm
1011 1203 1248 1292 antiquissimo.
1291 1202 1362 1284 Qua
1375 1199 1418 1267 dc
1432 1218 1545 1289 causa,
1557 1202 1684 1268 etiarnsi
1697 1198 1884 1290 paucissimi

115 1327 235 1388 esseut
255 1323 378 1388 numeri
398 1322 505 1388 literis
527 1321 702 1408 Aegyptiis
722 1321 859 1410 similae,
880 1322 934 1408 qui
955 1321 1027 1407 pari
1049 1322 1163 1388 ordine
1183 1327 1281 1408 atque
1303 1320 1419 1386 literae
1441 1324 1666 1406 sequerentur,
1685 1315 1884 1385 concluden-

115 1434 191 1504 dum
213 1437 312 1526 soret,
332 1439 570 1527 Aegyptiorum
582 1434 883 1526 Chaldaeorumque
904 1437 1111 1524 alphabetum
1132 1439 1310 1526 antiquitus
1331 1455 1430 1503 vnum
1451 1421 1601 1524 idemque
1622 1436 1735 1502 tuisse.
1759 1425 1884 1520 llaqoe,

113 1572 198 1642 pace
220 1560 343 1644 nostra,
362 1557 475 1623 mittas
489 1574 640 1624 numeros
661 1575 772 1643 parum
793 1555 899 1622 literis
917 1553 1054 1642 similes3
1066 1555 1195 1622 videbis
1207 1555 1349 1642 reliquos
1360 1554 1480 1622 iisdem
1491 1555 1628 1620 interae
1641 1551 1764 1619 distare
1779 1551 1885 1616 inter·

112 1670 230 1761 vallis,
252 1673 366 1760 quibus
393 1673 509 1742 literae
529 1673 613 1759 ipsis
634 1669 878 1759 respondentes
906 1671 992 1740 inter
1014 1691 1054 1741 se
1082 1672 1208 1740 distant
1233 1673 1375 1760 antiquis
1395 1675 1431 1739 in
1458 1671 1659 1762 alphabetis,
1682 1667 1766 1757 qnod
1790 1687 1884 1735 nemo

112 1804 200 1872 sorte
222 1807 351 1875 tortum
372 1807 536 1874 accidisse
558 1805 696 1892 putabit.
740 1802 800 1872 Sic
821 1805 916 1892 signa
928 1806 1173 1895 hieroglyphice
1192 1808 1200 1895 Ι
1223 1807 1258 1896 Π
1277 1767 1306 1894 J
1329 1752 1451 1895 xsunt
1472 1826 1539 1874 nou
1558 1805 1659 1873 solum
1681 1801 1815 1889 numeri,
1824 1797 1885 1867 sed

110 1921 230 1989 literae
252 1941 391 2011 quoque,
413 1922 559 1989 omnibus
579 1922 613 1988 in
634 1923 850 1991 monumentis
872 1921 1056 2016 adhibitae3
1075 1925 1160 2013 quod
1182 1945 1276 1992 nemo
1299 1925 1495 1993 infitiabitur.
1524 1922 1615 1989 ldem
1628 1920 1717 1989 cudit
1739 1918 1886 2004 insigna

110 2037 275 2106 hieratica
296 2045 331 2105 et
352 2039 513 2106 demotica
540 2041 710 2126 permulta.
761 2039 830 2106 lam
851 2038 917 2108 hae
943 2041 1059 2109 literae
1086 2043 1272 2111 numericae
1301 2041 1416 2110 ordine
1443 2041 1607 2109 literarum
1636 2047 1659 2102 u
1684 2042 1782 2101 21⁸!
1804 2039 1828 2099 tt
1850 2039 1886 2096 tt

109 2160 308 2244 sequuntur,
329 2155 448 2223 saltem
469 2155 594 2223 distant
621 2158 709 2224 inter
736 2176 775 2224 se
803 2158 853 2224 vti
875 2165 898 2220 u
924 2163 948 2221 u
976 2165 997 2221 b
1024 2165 1059 2226 et
1080 2161 1130 2225 sie
1149 2180 1258 2249 porro,
1278 2161 1428 2246 genuinis
1450 2156 1502 2224 ild
1525 2157 1691 2224 literarum
1710 2155 1744 2220 in
1765 2151 1884 2239 alpha·

109 2271 213 2338 betis.
257 2269 350 2354 Quas
372 2271 497 2360 quidem
519 2274 559 2340 ob
587 2292 726 2340 caussas
747 2275 863 2358 negari
884 2275 1008 2361 nequit,
1029 2277 1237 2362 alphabetum
1258 2277 1469 2364 Aegyptium,
1488 2273 1634 2362 quamuis
1663 2271 1778 2339 literas
1801 2286 1883 2336 non-

109 2389 222 2456 nullas
242 2389 448 2456 innumeros
469 2390 576 2478 paullo
598 2391 697 2458 aliter
718 2389 910 2458 scribendos
929 2395 1112 2482 mutauerit,
1131 2401 1303 2479 cognatum
1325 2413 1401 2462 esse
1423 2391 1601 2460 chaldaico
1622 2388 1773 2474 genuino.

267 2503 303 2572 a.
345 2507 547 2595 Aepyptiam
567 2504 799 2596 alphabetum,
821 2508 960 2599 inquies,
979 2511 1013 2576 ci
1038 2512 1215 2597 cognatum
1235 2513 1323 2579 erret
1351 2510 1536 2577 chaldaico
1559 2505 1792 2590 Saniticisquc
1813 2517 1885 2566 our-

108 2625 206 2712 ru‘uo,
230 2626 399 2691 coartaret
419 2625 538 2714 uteris,
560 2645 646 2714 quus
667 2622 839 2714 habemur,
861 2629 1113 2716 mllquhmmir,
1137 2630 1258 2716 quippe
1279 2627 1482 2696 Phoeniciis.
1523 2624 1643 2692 Audio.
1661 2662 1664 2671 ι
1685 2621 1809 2708 Vtique
1821 2636 1885 2685 nu·

105 2741 194 2808 meri
217 2739 375 2827 Aegyptii
401 2742 533 2808 multum
560 2742 713 2811 differunt
739 2761 760 2810 a
788 2743 893 2811 literis
919 2741 1107 2813 Phoeniciis
1133 2747 1168 2812 iu
1189 2748 1387 2814 uniuersum.
1431 2746 1550 2834 Neque
1579 2740 1689 2811 mirari
1710 2738 1774 2805 hoe
1794 2735 1886 2802 licet.

106 2857 144 2921 N
147 2855 247 2920 ullum
268 2861 322 2922 est
348 2857 524 2942 saeculum,
549 2859 638 2925 nulla
659 2863 759 2946 terra,
780 2860 868 2927 nulla
888 2879 982 2950 gens,
1004 2863 1080 2949 quin
1106 2863 1222 2930 literas
1250 2883 1329 2932 suas
1350 2862 1523 2931 scribendo
1546 2861 1670 2928 sensim
1698 2854 1886 2940 sensimque

105 2975 229 3040 mutet.
273 2971 383 3057 Atque
405 2977 536 3039 constat
562 2973 807 3061 antiquissimas
834 2977 1067 3064 inscriptiones
1093 2977 1273 3048 Semiticas
1299 2980 1402 3046 1000
1426 2980 1524 3048 anuis
1544 2980 1689 3046 iuniores
1710 2990 1790 3040 esse
1811 2969 1885 3036 Ae·

106 3087 280 3178 gyptiacis
301 3087 544 3176 antiquissimis.
585 3088 754 3157 Mutantur
774 3111 855 3161 vero
877 3093 993 3160 literae
1013 3113 1098 3160 nunc
1119 3093 1305 3181 elegantiae
1327 3096 1445 3181 studio,
1466 3115 1528 3181 quo
1548 3095 1634 3162 aliae
1655 3090 1815 3158 rectiores
1830 3089 1887 3151 aut

105 3204 334 3294 rotundiores,
361 3205 527 3291 longiores
556 3205 783 3297 breuioresue,
811 3210 994 3278 crassiores
1029 3217 1066 3278 et
1097 3211 1193 3280 aliter
1236 3219 1431 3301 exarantur,
1459 3230 1544 3278 nunc
1574 3205 1731 3276 commodi
1765 3202 1886 3290 gratia.

106 3323 203 3390 Hinc
225 3321 342 3389 literae
363 3323 576 3414 inuertuntur,
591 3322 801 3393 decurtautur
817 3333 917 3414 atque
937 3328 1046 3418 rebus,
1058 3328 1173 3415 quibus
1193 3329 1379 3397 inscribitur
1393 3327 1550 3416 quibusue
1571 3323 1735 3411 scribitur,
1755 3337 1885 3389 aemm-

107 3437 294 3508 modantur.
344 3439 419 3507 lluc
448 3441 593 3528 accedit,
620 3441 704 3529 quod
733 3444 852 3511 literae
876 3443 1077 3510 Phoenicius
1109 3445 1234 3531 pariter
1262 3451 1361 3532 atque
1389 3443 1569 3511 hieraticae
1596 3441 1665 3508 sint
1686 3437 1885 3505 imitationes

107 3557 288 3642 imaginum
309 3575 426 3624 rerum.
469 3557 671 3626 Phoenicius
691 3560 778 3627 eninr
799 3560 927 3641 literae,
949 3579 1044 3646 quum
1065 3569 1158 3628 certa
1179 3561 1312 3628 nomina
1332 3567 1451 3646 gerant
1471 3579 1591 3646 rerum,
1614 3553 1885 3642 eorumqucimae

106 3676 208 3762 gines
229 3691 311 3762 prae
332 3693 372 3740 se
393 3674 498 3740 ierant
511 3677 652 3741 maxima
672 3682 768 3763 parte
782 3676 951 3765 obscuras,
971 3695 1037 3743 non
1050 3683 1190 3764 possunt
1204 3698 1263 3764 pro
1285 3677 1439 3763 genuinis
1460 3675 1596 3766 haberi3
1616 3676 1680 3742 imo
1695 3669 1886 3760 compendia

106 3789 333 3860 tantummodo
355 3790 527 3876 imaginum
548 3785 710 3860 videntur
752 3790 846 3876 Quod
866 3793 991 3881 puriter
1011 3792 1100 3861 cadit
1120 3794 1155 3863 in
1175 3794 1291 3863 literas
1306 3794 1494 3864 hieraticas.
1537 3791 1629 3878 Ergo
1642 3791 1758 3858 literae
1771 3788 1885 3858 Phoe-

105 3909 220 3976 niciae
245 3905 367 3992 pariter
387 3914 486 3994 atque
505 3913 629 3977 numeri
649 3909 798 3978 hieratici
818 3910 931 3979 haberi
951 3909 1074 3978 debent
1095 3930 1155 3998 pro
1176 3912 1279 3978 variis
1301 3911 1478 3978 eorundum
1498 3917 1708 3998 protyporum
1729 3922 1883 3992 compen-

104 4025 184 4092 diis.
233 4020 337 4105 ssuam
359 4025 450 4091 uarie
464 3982 552 4093 bero
573 4026 706 4116 antiqua
725 4026 966 4097 delineumenta
992 4027 1083 4096 breui
1113 4047 1208 4096 manu
1230 4029 1324 4097 reddi
1345 4029 1487 4116 possint,
1508 4045 1572 4094 non
1597 4045 1678 4113 opus
1700 4029 1754 4091 est
1774 4022 1884 4089 multis

107 4143 353 4213 demonstrare.
400 4141 518 4230 ltaque
544 4161 639 4210 nemo
665 4144 852 4234 mirabitur,
877 4146 993 4213 literas
1020 4143 1216 4212 Phoenicius
1244 4164 1266 4212 a
1292 4145 1438 4214 numeris
1466 4141 1696 4230 Aegyptiacis,
1737 4137 1883 4226 quamuis

106 4259 262 4330 eiusdem
284 4257 421 4344 originis
443 4257 521 4342 sint,
539 4259 673 4327 multum
693 4261 835 4330 ditterre.
866 4261 948 4329 Vtut
968 4261 1026 4350 sit,
1046 4280 1247 4330 numerorum
1267 4263 1505 4352 Aegyptiorum
1518 4279 1588 4328 eum
1611 4258 1715 4326 literis
1734 4257 1886 4326 Phoeni-

107 4379 172 4446 ciis
193 4375 341 4446 alinitus
363 4377 537 4444 etiamnum
564 4376 780 4446 demonstrari
810 4385 930 4478 potest.
974 4379 1067 4456 Quae
1089 4385 1182 4448 unta
1202 4385 1267 4470 est,
1288 4387 1328 4448 vt
1346 4380 1404 4451 vel
1425 4398 1464 4447 eo
1485 4379 1669 4464 euincatur,
1689 4377 1884 4466 scripturam

100 4481 316 4582 'Aegyptiam
343 4493 616 4582 Phoeniciamque
645 4497 803 4564 communi
828 4515 873 4564 ex
900 4497 991 4566 tonte
1012 4495 1182 4584 prodiisse.
1231 4499 1309 4567 Nou
1337 4498 1439 4566 minor
1466 4495 1553 4566 cuim
1574 4502 1629 4564 est
1648 4495 1807 4562 affinitate
1830 4510 1883 4579 ea,
1952 4505 1957 4514 ·

108 4629 204 4700 quac
215 4612 300 4680 inter
321 4610 518 4680 Graecorum
539 4612 689 4700 antiquas
704 4614 819 4682 literas
832 4619 931 4702 atque
946 4613 1142 4682 Phoenicius
1156 4614 1351 4706 intercedit3
1369 4635 1450 4702 quas
1464 4613 1540 4682 inde
1562 4612 1682 4681 dudum
1704 4611 1882 4699 probarunt

109 4733 280 4813 cognatas
299 4745 386 4796 esse.
429 4729 548 4816 Neque
569 4728 689 4818 dubito,
708 4732 785 4818 quin
807 4731 862 4800 alii
883 4732 1009 4799 iamiam
1030 4751 1180 4800 numeros
1201 4734 1387 4820 Aegyptios
1407 4752 1428 4799 a
1448 4731 1639 4800 Phoeniciis
1660 4730 1766 4797 literis
1793 4725 1882 4792 deri-

108 4849 269 4932 ¹¹²⁸⁵⁶¹¹h
289 4845 321 4912 ⁸⁸¹
340 4846 542 4934 msimment
563 4845 605 4916 de
626 4867 679 4938 eo,
700 4847 785 4936 quod
805 4848 980 4936 alphabeto
1007 4849 1183 4918 Phoenicio
1197 4850 1281 4920 duae
1293 4850 1411 4920 literae
1423 4851 1509 4920 inter
1530 4857 1541 4916 t
1568 4847 1603 4910 et
1628 4854 1652 4912 u
1680 4845 1787 4914 serius
1817 4859 1881 4906 ex·

110 4962 281 5052 ciderunt,
302 4959 461 5032 suadente
481 4963 668 5056 alphabeto,
688 4963 739 5034 vti
759 4962 890 5056 hrum,
908 4967 1062 5058 Arabico,
1088 4966 1202 5036 Indico
1231 4967 1378 5056 ahisque.
1427 4965 1616 5055 Comparari
1644 4968 1730 5031 cutm
1759 4957 1882 5025 debent
