4774 6104
1040 1839 1180 1910 Nonnisi
1214 1847 1292 1910 ante
1324 1859 1348 1908 u
1380 1839 1557 1931 reperitur,
1593 1857 1728 1930 quocum
1754 1841 1902 1910 vocalem

1062 1943 1224 2032 quandam
1245 1941 1265 2009 d
1287 1942 1439 2029 exprimit
1460 1941 1636 2010 secuudum
1657 1942 1798 2010 Lassen.

282 2345 353 2412 Iam
374 2343 555 2433 videamus,
575 2343 652 2431 quid
674 2344 717 2412 de
737 2351 855 2413 natura
882 2344 996 2412 barum
1024 2344 1207 2434 literarum,
1235 2343 1351 2431 quibus
1378 2344 1477 2413 millia
1498 2345 1740 2434 inscriptionum
1762 2344 1798 2410 in
1819 2342 1904 2411 Asia

131 2464 354 2550 Aegyptoque
375 2461 452 2529 inde
474 2479 495 2530 a
516 2468 612 2529 sexto
633 2460 751 2529 saltem
771 2462 906 2529 saeculo
927 2479 956 2528 a
980 2460 1042 2530 Ch.
1064 2467 1206 2529 ortorum
1227 2468 1393 2552 constant,
1412 2461 1618 2530 statuendum
1638 2463 1692 2529 sit.
1745 2459 1904 2544 Quaestio

132 2587 201 2662 est,
221 2598 298 2647 num
319 2578 439 2646 literae
461 2575 525 2647 bae
545 2579 615 2646 sint
633 2579 826 2648 arbitrariae
847 2597 1020 2648 cuneorum
1042 2579 1298 2669 coniunctiones,
1318 2599 1362 2647 an
1383 2586 1456 2648 arte
1477 2579 1586 2649 sactae
1607 2599 1647 2648 ac
1667 2577 1905 2648 mathematicis

132 2698 262 2784 legibus
283 2694 474 2783 adstrictae,
491 2694 576 2783 quod
597 2697 759 2782 colligitur
778 2714 799 2763 e
819 2697 1016 2783 repetitione
1037 2715 1212 2765 cuneorum
1233 2697 1358 2764 illorum
1379 2698 1474 2765 trium
1494 2723 1548 2789 a»,
1569 2700 1604 2786 l,
1624 2681 1906 2777 <combinatum

133 2809 391 2898 Sclsoitaudum,
404 2830 478 2876 num
493 2810 545 2876 his
562 2809 614 2878 36
628 2813 733 2878 literis
746 2813 853 2880 subsit
864 2813 1070 2903 alphabetum
1081 2813 1145 2882 iam
1157 2821 1285 2906 uotum3
1297 2833 1340 2882 au
1351 2814 1526 2902 alphabeta
1546 2822 1661 2884 nostra
1675 2835 1695 2884 e
1708 2813 1906 2885 cuneolormi

135 2929 207 3014 illo,
226 2927 348 3015 quippe
369 2927 549 3014 antiquiore
570 2946 610 2995 ac
629 2929 770 3014 genuino
791 2948 852 2997 ceu
873 2931 1128 3017 hieroglyphice,
1148 2933 1339 3018 prodierint.
1390 2931 1551 3002 liceatne
1572 2934 1633 3003 has
1655 2933 1708 3002 36
1729 2933 1906 3002 Persarum

80 3032 84 3038 ’
136 3050 289 3114 veterum
310 3043 426 3112 literas
447 3063 634 3132 comparare
655 3052 734 3113 ante
756 3045 863 3114 omnia
884 3063 955 3112 cum
978 3043 1030 3112 36
1052 3047 1228 3114 Persarum
1248 3048 1465 3116 recentiorum
1488 3045 1619 3117 literis?

289 3208 383 3295 Quae
397 3211 501 3279 omnia
518 3212 703 3280 accuratius
714 3213 916 3302 perscrutari
930 3219 1030 3300 atque
1043 3212 1084 3280 ad
1099 3212 1204 3279 lucem
1218 3213 1409 3301 perducere,
1428 3215 1559 3283 multum
1584 3217 1732 3284 interest.
1772 3215 1906 3284 luuaret

135 3330 300 3419 inuenire,
322 3347 493 3397 cuneorum
511 3329 656 3396 nostrum
669 3331 856 3419 complexus
868 3332 929 3398 niti
943 3336 1015 3399 arte
1027 3329 1261 3399 combinatoria
1280 3331 1491 3421 singulasque
1512 3334 1626 3402 literas
1648 3330 1700 3399 36
1721 3332 1798 3399 illas
1817 3331 1907 3398 serie

134 3455 229 3518 certa
249 3464 328 3514 sese
351 3447 515 3534 excipere,
538 3445 687 3533 quoniam
709 3447 784 3514 hinc
814 3453 955 3536 pateret,
978 3467 1042 3536 quo
1063 3447 1177 3515 ordine
1204 3448 1319 3515 literae
1347 3447 1511 3534 alphabeti
1538 3447 1751 3517 cuneolormis
1778 3447 1908 3536 positae
1930 3467 1936 3478 “

133 3565 256 3635 luerint
277 3565 382 3632 initio.
405 3563 492 3630 Hinc
501 3563 628 3643 liceret,
643 3563 849 3650 alphabetum
864 3563 1068 3632 cuneolorme
1081 3581 1270 3651 comparare
1292 3582 1364 3630 cum
1375 3551 1514 3633 Persico⁴
1524 3565 1698 3634 recentiori
1713 3571 1812 3653 atque
1824 3563 1907 3632 dch-

132 3684 219 3772 nire,
248 3702 333 3770 quae
356 3680 570 3748 cuneolormis
592 3680 690 3747 litera
709 3679 869 3748 Persicae
890 3681 1017 3748 cuidam
1039 3679 1129 3746 initio
1147 3683 1369 3771 responderit,
1390 3699 1527 3769 quemue
1548 3701 1661 3749 sonum
1683 3683 1813 3770 proprie
1841 3699 1906 3748 cx-

134 3799 298 3887 presserit
319 3797 383 3864 illa
427 3794 521 3879 Quod
547 3817 659 3884 parum
686 3803 840 3865 accurate
866 3796 972 3864 euinci
998 3815 1100 3885 posse
1124 3796 1255 3865 videtur
1279 3800 1449 3866 vocabulis
1484 3798 1660 3887 formisque
1687 3798 1907 3885 grammaticis

131 3914 261 3984 Indicis
288 3919 324 3980 et
351 3911 518 3980 zendicis.
565 3913 714 3980 loueutis
744 3915 854 3982 literis
882 3913 1051 3994 zendieis,
1084 3913 1198 4002 quibus
1227 3915 1449 3982 cuneolormes
1477 3935 1535 4002 pro
1566 3915 1680 3982 ordine
1701 3915 1907 4004 alphabetico

131 4028 387 4120 responderint,
413 4027 509 4111 facile
529 4029 633 4118 soret,
660 4033 837 4118 quamlibet
857 4030 1102 4118 inscriptionem
1130 4031 1367 4099 cuneoformem
1392 4031 1576 4119 exprimere
1604 4033 1711 4099 literis
1736 4023 1907 4118 Zehdiois,

133 4150 263 4240 pariter
289 4152 388 4234 atque
413 4145 629 4233 Neopersicis
655 4154 691 4214 et
711 4147 852 4239 ludicis3
882 4167 964 4236 quo,
991 4145 1093 4213 missa
1123 4147 1221 4234 plane
1247 4165 1331 4215 vera
1358 4147 1526 4216 literarum
1546 4148 1794 4216 cuneolormium
1814 4165 1906 4215 oom-

133 4272 389 4356 parutarumque
417 4264 700 4353 pronunciatione,
730 4264 830 4332 multu
852 4265 975 4332 certius
996 4262 1127 4332 radices
1153 4263 1383 4332 vocabulorum
1419 4265 1668 4332 cunculormium
1694 4265 1730 4332 iu
1757 4263 1908 4334 zendiea
2009 4243 2015 4256 ’

134 4383 348 4472 Pehluicaue,
354 4381 388 4448 N
389 4381 562 4470 eopersica
574 4389 610 4450 et
618 4379 823 4450 Sanscritica
832 4380 944 4467 lingua
957 4380 1187 4469 reperirentur.
1202 4383 1356 4448 Ceterum
1367 4382 1596 4467 grauissimum
1609 4386 1704 4451 esset
1716 4381 1759 4449 ad
1772 4381 1908 4468 palaea·

139 4500 310 4586 graphiam
338 4499 573 4587 historiamque
601 4498 843 4586 inshuendam,
869 4515 933 4565 nec
958 4517 1023 4564 non
1049 4497 1091 4564 ad
1118 4499 1317 4566 seutentiam
1347 4506 1492 4567 nostram
1519 4501 1562 4569 de
1590 4499 1715 4586 origine
1742 4496 1907 4587 alphabeti

137 4616 309 4686 Noachica
329 4635 431 4705 nuper
452 4617 653 4704 propositam
673 4616 779 4684 denuo
802 4615 1069 4702 confirmandam
1090 4616 1120 4681 si
1141 4615 1293 4703 clareret,
1314 4617 1412 4682 etiam
1433 4616 1558 4684 Persas
1580 4623 1715 4685 veteres
1745 4615 1906 4705 alphabe-

139 4738 207 4797 tum
230 4732 360 4818 reliquis
380 4735 533 4820 gentibus
557 4753 724 4802 commune
745 4733 910 4822 habuisse,
930 4733 993 4800 imo
1014 4731 1222 4818 alphabetum
1242 4731 1641 4820 zendicnm,Pehluicum‚
1658 4732 1903 4822 Neoperaicum,

138 4847 315 4916 Arabicum
342 4850 469 4938 aliaque
506 4870 574 4920 non
607 4871 687 4921 esse
715 4853 780 4922 uisi
806 4851 981 4938 genuinum
1007 4847 1096 4940 illud,
1122 4850 1229 4918 literis
1255 4849 1418 4920 nonnullis
1444 4850 1479 4920 in
1499 4849 1564 4920 hue
1590 4855 1717 4920 auctum
1738 4847 1907 4932 variisque

136 4966 244 5036 modis
266 4963 429 5053 scriptum.
