<?xml version="1.0" encoding="UTF-8"?>
<!DOCTYPE html PUBLIC "-//W3C//DTD XHTML 1.0 Transitional//EN"
    "http://www.w3.org/TR/xhtml1/DTD/xhtml1-transitional.dtd">
<html xmlns="http://www.w3.org/1999/xhtml" xml:lang="en" lang="en">
 <head>
  <title>
</title>
<meta http-equiv="Content-Type" content="text/html;charset=utf-8" />
  <meta name='ocr-system' content='tesseract 3.04.00' />
  <meta name='ocr-capabilities' content='ocr_page ocr_carea ocr_par ocr_line ocrx_word'/>
</head>
<body>
  <div class='ocr_page' id='page_1' title='image "./beitraegezurken01staagoog_0153.png"; bbox 0 0 4774 6104; ppageno 0'>
   <div class='ocr_carea' id='block_1_1' title="bbox 820 577 1150 688">
    <p class='ocr_par' dir='ltr' id='par_1_1' title="bbox 820 577 1150 688">
     <span class='ocr_line' id='line_1_1' title="bbox 820 577 1150 688; baseline 0.003 -38"><span class='ocrx_word' id='word_1_1' title='bbox 820 577 1150 688; x_wconf 20' lang='lat' dir='ltr'><strong>n-sr-</strong></span> 
     </span>
    </p>
   </div>
   <div class='ocr_carea' id='block_1_2' title="bbox 295 771 1912 906">
    <p class='ocr_par' dir='ltr' id='par_1_2' title="bbox 295 771 1912 906">
     <span class='ocr_line' id='line_1_2' title="bbox 295 771 1912 906; baseline 0.012 -64"><span class='ocrx_word' id='word_1_2' title='bbox 295 821 333 906; x_wconf 51' lang='lat' dir='ltr'>E</span> <span class='ocrx_word' id='word_1_3' title='bbox 361 781 395 843; x_wconf 90' lang='lat' dir='ltr'><strong>et</strong></span> <span class='ocrx_word' id='word_1_4' title='bbox 415 822 459 902; x_wconf 54' lang='lat' dir='ltr'><strong>c</strong></span> <span class='ocrx_word' id='word_1_5' title='bbox 476 793 563 844; x_wconf 90' lang='lat' dir='ltr'><strong>nuno</strong></span> <span class='ocrx_word' id='word_1_6' title='bbox 584 773 669 840; x_wconf 72' lang='lat' dir='ltr'><strong>dccli</strong></span> <span class='ocrx_word' id='word_1_7' title='bbox 690 776 726 840; x_wconf 91' lang='lat' dir='ltr'><strong>et</strong></span> <span class='ocrx_word' id='word_1_8' title='bbox 746 773 819 840; x_wconf 81' lang='lat' dir='ltr'><strong>teob</strong></span> <span class='ocrx_word' id='word_1_9' title='bbox 839 781 959 842; x_wconf 87' lang='lat' dir='ltr'><strong>sonant</strong></span> <span class='ocrx_word' id='word_1_10' title='bbox 979 775 1022 843; x_wconf 90' lang='lat' dir='ltr'><strong>od</strong></span> <span class='ocrx_word' id='word_1_11' title='bbox 1036 777 1141 844; x_wconf 90' lang='lat' dir='ltr'><strong>instar</strong></span> <span class='ocrx_word' id='word_1_12' title='bbox 1151 771 1258 844; x_wconf 86' lang='lat' dir='ltr'><strong>ltolici</strong></span> <span class='ocrx_word' id='word_1_13' title='bbox 1278 795 1297 842; x_wconf 88' lang='lat' dir='ltr'><strong>c</strong></span> <span class='ocrx_word' id='word_1_14' title='bbox 1319 783 1353 844; x_wconf 93' lang='lat' dir='ltr'><strong>et</strong></span> <span class='ocrx_word' id='word_1_15' title='bbox 1371 798 1394 864; x_wconf 78' lang='lat'><em>9</em></span> <span class='ocrx_word' id='word_1_16' title='bbox 1415 783 1537 848; x_wconf 73' lang='lat' dir='ltr'><strong>antei.</strong></span> <span class='ocrx_word' id='word_1_17' title='bbox 1580 781 1626 850; x_wconf 81' lang='lat' dir='ltr'><strong>At</strong></span> <span class='ocrx_word' id='word_1_18' title='bbox 1647 789 1785 876; x_wconf 85' lang='lat' dir='ltr'><strong>utraque</strong></span> <span class='ocrx_word' id='word_1_19' title='bbox 1806 791 1912 882; x_wconf 87' lang='lat' dir='ltr'><strong>litera,</strong></span> 
     </span>
    </p>
   </div>
   <div class='ocr_carea' id='block_1_3' title="bbox 137 905 1911 1275">
    <p class='ocr_par' dir='ltr' id='par_1_3' title="bbox 137 905 1911 1275">
     <span class='ocr_line' id='line_1_3' title="bbox 142 905 1911 1006; baseline 0.01 -30"><span class='ocrx_word' id='word_1_20' title='bbox 142 927 239 997; x_wconf 87' lang='lat' dir='ltr'><strong>quum</strong></span> <span class='ocrx_word' id='word_1_21' title='bbox 260 927 304 978; x_wconf 87' lang='lat' dir='ltr'><strong>ex</strong></span> <span class='ocrx_word' id='word_1_22' title='bbox 329 918 343 975; x_wconf 75' lang='lat'>2</span> <span class='ocrx_word' id='word_1_23' title='bbox 365 937 408 968; x_wconf 93' lang='lat'>=</span> <span class='ocrx_word' id='word_1_24' title='bbox 427 933 450 994; x_wconf 77' lang='lat' dir='ltr'><em>y</em></span> <span class='ocrx_word' id='word_1_25' title='bbox 470 909 639 998; x_wconf 88' lang='lat' dir='ltr'><strong>prodierit,</strong></span> <span class='ocrx_word' id='word_1_26' title='bbox 658 905 749 974; x_wconf 89' lang='lat' dir='ltr'><strong>initio</strong></span> <span class='ocrx_word' id='word_1_27' title='bbox 771 906 855 973; x_wconf 76' lang='lat' dir='ltr'><strong>decla</strong></span> <span class='ocrx_word' id='word_1_28' title='bbox 875 913 911 974; x_wconf 88' lang='lat' dir='ltr'><strong>et</strong></span> <span class='ocrx_word' id='word_1_29' title='bbox 932 907 1016 994; x_wconf 83' lang='lat' dir='ltr'><strong>lach,</strong></span> <span class='ocrx_word' id='word_1_30' title='bbox 1039 925 1122 994; x_wconf 89' lang='lat' dir='ltr'><strong>quae</strong></span> <span class='ocrx_word' id='word_1_31' title='bbox 1140 915 1293 988; x_wconf 19' lang='lat' dir='ltr'><strong>,naturam</strong></span> <span class='ocrx_word' id='word_1_32' title='bbox 1313 911 1481 982; x_wconf 87' lang='lat' dir='ltr'><strong>literarum</strong></span> <span class='ocrx_word' id='word_1_33' title='bbox 1501 913 1592 979; x_wconf 72' lang='lat' dir='ltr'><strong>rete</strong></span> <span class='ocrx_word' id='word_1_34' title='bbox 1616 917 1776 1006; x_wconf 85' lang='lat' dir='ltr'><strong>redolent,</strong></span> <span class='ocrx_word' id='word_1_35' title='bbox 1795 924 1911 993; x_wconf 90' lang='lat' dir='ltr'><strong>valere</strong></span> 
     </span>
     <span class='ocr_line' id='line_1_4' title="bbox 139 1023 1910 1126; baseline 0.007 -32"><span class='ocrx_word' id='word_1_36' title='bbox 139 1045 208 1094; x_wconf 89' lang='lat' dir='ltr'><strong>non</strong></span> <span class='ocrx_word' id='word_1_37' title='bbox 230 1028 346 1114; x_wconf 91' lang='lat' dir='ltr'><strong>potuit.</strong></span> <span class='ocrx_word' id='word_1_38' title='bbox 388 1027 457 1095; x_wconf 91' lang='lat' dir='ltr'><strong>lmo</strong></span> <span class='ocrx_word' id='word_1_39' title='bbox 478 1023 739 1114; x_wconf 81' lang='lat' dir='ltr'><strong>quemadmodum</strong></span> <span class='ocrx_word' id='word_1_40' title='bbox 760 1023 913 1092; x_wconf 85' lang='lat' dir='ltr'><strong>ltalonrm</strong></span> <span class='ocrx_word' id='word_1_41' title='bbox 931 1046 955 1110; x_wconf 79' lang='lat' dir='ltr'><strong>p</strong></span> <span class='ocrx_word' id='word_1_42' title='bbox 976 1031 1012 1092; x_wconf 91' lang='lat' dir='ltr'><strong>ct</strong></span> <span class='ocrx_word' id='word_1_43' title='bbox 1032 1043 1051 1090; x_wconf 88' lang='lat' dir='ltr'><strong>c</strong></span> <span class='ocrx_word' id='word_1_44' title='bbox 1072 1026 1181 1093; x_wconf 91' lang='lat' dir='ltr'><strong>serius</strong></span> <span class='ocrx_word' id='word_1_45' title='bbox 1212 1025 1337 1094; x_wconf 90' lang='lat' dir='ltr'><strong>demum</strong></span> <span class='ocrx_word' id='word_1_46' title='bbox 1364 1029 1406 1094; x_wconf 90' lang='lat' dir='ltr'><strong>ad</strong></span> <span class='ocrx_word' id='word_1_47' title='bbox 1428 1031 1511 1098; x_wconf 79' lang='lat' dir='ltr'><strong>decb</strong></span> <span class='ocrx_word' id='word_1_48' title='bbox 1532 1038 1568 1099; x_wconf 91' lang='lat' dir='ltr'><strong>ct</strong></span> <span class='ocrx_word' id='word_1_49' title='bbox 1588 1033 1662 1099; x_wconf 85' lang='lat' dir='ltr'><strong>lech</strong></span> <span class='ocrx_word' id='word_1_50' title='bbox 1683 1036 1842 1126; x_wconf 89' lang='lat' dir='ltr'><strong>abierunt,</strong></span> <span class='ocrx_word' id='word_1_51' title='bbox 1862 1043 1910 1108; x_wconf 88' lang='lat' dir='ltr'><strong>ita</strong></span> 
     </span>
     <span class='ocr_line' id='line_1_5' title="bbox 137 1139 1910 1275; baseline 0.008 -65"><span class='ocrx_word' id='word_1_52' title='bbox 137 1143 318 1212; x_wconf 80' lang='lat' dir='ltr'><strong>Persarum</strong></span> <span class='ocrx_word' id='word_1_53' title='bbox 347 1162 535 1275; x_wconf 54' lang='lat' dir='ltr'><strong>quoque.G</strong></span> <span class='ocrx_word' id='word_1_54' title='bbox 556 1150 591 1211; x_wconf 93' lang='lat' dir='ltr'><strong>et</strong></span> <span class='ocrx_word' id='word_1_55' title='bbox 611 1189 671 1269; x_wconf 51' lang='grc' dir='ltr'><strong>ὓ.</strong></span> <span class='ocrx_word' id='word_1_56' title='bbox 729 1139 903 1208; x_wconf 77' lang='lat' dir='ltr'><strong>Probabile</strong></span> <span class='ocrx_word' id='word_1_57' title='bbox 924 1149 989 1231; x_wconf 91' lang='lat' dir='ltr'><strong>est,</strong></span> <span class='ocrx_word' id='word_1_58' title='bbox 1010 1189 1048 1272; x_wconf 56' lang='grc' dir='ltr'>Ε</span> <span class='ocrx_word' id='word_1_59' title='bbox 1070 1149 1105 1210; x_wconf 88' lang='lat' dir='ltr'><strong>et</strong></span> <span class='ocrx_word' id='word_1_60' title='bbox 1125 1189 1169 1268; x_wconf 54' lang='lat' dir='ltr'><strong>e,</strong></span> <span class='ocrx_word' id='word_1_61' title='bbox 1190 1142 1281 1210; x_wconf 93' lang='lat' dir='ltr'><strong>initio</strong></span> <span class='ocrx_word' id='word_1_62' title='bbox 1296 1161 1446 1231; x_wconf 80' lang='lat' dir='ltr'><strong>sonump</strong></span> <span class='ocrx_word' id='word_1_63' title='bbox 1466 1148 1625 1238; x_wconf 86' lang='lat' dir='ltr'><strong>tenuisse,</strong></span> <span class='ocrx_word' id='word_1_64' title='bbox 1647 1151 1718 1218; x_wconf 91' lang='lat' dir='ltr'><strong>sine</strong></span> <span class='ocrx_word' id='word_1_65' title='bbox 1740 1161 1855 1222; x_wconf 92' lang='lat' dir='ltr'><strong>nostro</strong></span> <span class='ocrx_word' id='word_1_66' title='bbox 1876 1157 1910 1224; x_wconf 94' lang='lat' dir='ltr'><strong>in</strong></span> 
     </span>
    </p>
   </div>
   <div class='ocr_carea' id='block_1_4' title="bbox 139 1274 1911 1634">
    <p class='ocr_par' dir='ltr' id='par_1_4' title="bbox 139 1274 1911 1634">
     <span class='ocr_line' id='line_1_6' title="bbox 139 1274 1911 1371; baseline 0.007 -26"><span class='ocrx_word' id='word_1_67' title='bbox 139 1275 262 1368; x_wconf 77' lang='lat' dir='ltr'><strong>(donst,</strong></span> <span class='ocrx_word' id='word_1_68' title='bbox 282 1277 354 1344; x_wconf 92' lang='lat' dir='ltr'><strong>siue</strong></span> <span class='ocrx_word' id='word_1_69' title='bbox 374 1278 409 1342; x_wconf 93' lang='lat' dir='ltr'><strong>in</strong></span> <span class='ocrx_word' id='word_1_70' title='bbox 429 1277 532 1371; x_wconf 71' lang='lat' dir='ltr'><strong>Sage.</strong></span> <span class='ocrx_word' id='word_1_71' title='bbox 574 1274 678 1358; x_wconf 78' lang='lat' dir='ltr'><strong>Quom</strong></span> <span class='ocrx_word' id='word_1_72' title='bbox 699 1291 782 1343; x_wconf 87' lang='lat' dir='ltr'><strong>vero</strong></span> <span class='ocrx_word' id='word_1_73' title='bbox 802 1293 844 1342; x_wconf 94' lang='lat' dir='ltr'><strong>ea</strong></span> <span class='ocrx_word' id='word_1_74' title='bbox 865 1276 910 1342; x_wconf 90' lang='lat' dir='ltr'><strong>sit</strong></span> <span class='ocrx_word' id='word_1_75' title='bbox 930 1274 1111 1362; x_wconf 87' lang='lat' dir='ltr'><strong>linguarum</strong></span> <span class='ocrx_word' id='word_1_76' title='bbox 1131 1275 1269 1356; x_wconf 86' lang='lat' dir='ltr'><strong>indoles,</strong></span> <span class='ocrx_word' id='word_1_77' title='bbox 1290 1281 1329 1342; x_wconf 90' lang='lat' dir='ltr'><strong>vt</strong></span> <span class='ocrx_word' id='word_1_78' title='bbox 1350 1277 1486 1346; x_wconf 82' lang='lat' dir='ltr'><strong>subinde</strong></span> <span class='ocrx_word' id='word_1_79' title='bbox 1507 1281 1621 1349; x_wconf 91' lang='lat' dir='ltr'><strong>literas</strong></span> <span class='ocrx_word' id='word_1_80' title='bbox 1642 1283 1791 1353; x_wconf 91' lang='lat' dir='ltr'><strong>duriores</strong></span> <span class='ocrx_word' id='word_1_81' title='bbox 1810 1296 1911 1357; x_wconf 92' lang='lat' dir='ltr'><strong>mutet</strong></span> 
     </span>
     <span class='ocr_line' id='line_1_7' title="bbox 139 1388 1910 1519; baseline 0.007 -60"><span class='ocrx_word' id='word_1_82' title='bbox 139 1394 178 1460; x_wconf 91' lang='lat' dir='ltr'><strong>in</strong></span> <span class='ocrx_word' id='word_1_83' title='bbox 200 1388 401 1486; x_wconf 69' lang='lat' dir='ltr'><strong>leniorem),</strong></span> <span class='ocrx_word' id='word_1_84' title='bbox 414 1393 627 1477; x_wconf 90' lang='lat' dir='ltr'><strong>iudicandum,</strong></span> <span class='ocrx_word' id='word_1_85' title='bbox 648 1441 693 1519; x_wconf 58' lang='grc' dir='ltr'>ζ</span> <span class='ocrx_word' id='word_1_86' title='bbox 715 1391 805 1459; x_wconf 91' lang='lat' dir='ltr'><strong>initio</strong></span> <span class='ocrx_word' id='word_1_87' title='bbox 826 1413 941 1459; x_wconf 91' lang='lat' dir='ltr'><strong>sonum</strong></span> <span class='ocrx_word' id='word_1_88' title='bbox 959 1412 993 1481; x_wconf 78' lang='lat'><strong>9,</strong></span> <span class='ocrx_word' id='word_1_89' title='bbox 1015 1399 1128 1459; x_wconf 91' lang='lat' dir='ltr'><strong>nostro</strong></span> <span class='ocrx_word' id='word_1_90' title='bbox 1151 1391 1242 1477; x_wconf 84' lang='lat' dir='ltr'><strong>Sage</strong></span> <span class='ocrx_word' id='word_1_91' title='bbox 1272 1393 1451 1480; x_wconf 87' lang='lat' dir='ltr'><strong>proprium,</strong></span> <span class='ocrx_word' id='word_1_92' title='bbox 1479 1399 1701 1490; x_wconf 83' lang='lat' dir='ltr'>expressisse,</span> <span class='ocrx_word' id='word_1_93' title='bbox 1724 1404 1910 1491; x_wconf 84' lang='lat' dir='ltr'><strong>neutiquam</strong></span> 
     </span>
     <span class='ocr_line' id='line_1_8' title="bbox 139 1508 1909 1634; baseline 0.006 -56"><span class='ocrx_word' id='word_1_94' title='bbox 139 1529 225 1578; x_wconf 91' lang='lat' dir='ltr'><strong>vero</strong></span> <span class='ocrx_word' id='word_1_95' title='bbox 246 1510 328 1576; x_wconf 81' lang='lat' dir='ltr'><strong>loch.</strong></span> <span class='ocrx_word' id='word_1_96' title='bbox 384 1510 479 1585; x_wconf 78' lang='lat' dir='ltr'><strong>Quod</strong></span> <span class='ocrx_word' id='word_1_97' title='bbox 499 1511 627 1578; x_wconf 81' lang='lat' dir='ltr'><strong>literam</strong></span> <span class='ocrx_word' id='word_1_98' title='bbox 647 1557 683 1634; x_wconf 54' lang='lat' dir='ltr'>c</span> <span class='ocrx_word' id='word_1_99' title='bbox 706 1509 825 1576; x_wconf 82' lang='lat' dir='ltr'><strong>attinet</strong></span> <span class='ocrx_word' id='word_1_100' title='bbox 845 1528 930 1576; x_wconf 90' lang='lat' dir='ltr'><strong>nunc</strong></span> <span class='ocrx_word' id='word_1_101' title='bbox 952 1508 993 1574; x_wconf 88' lang='lat' dir='ltr'><strong>cb</strong></span> <span class='ocrx_word' id='word_1_102' title='bbox 1021 1509 1281 1598; x_wconf 78' lang='lat' dir='ltr'><strong>pronuntiatam,</strong></span> <span class='ocrx_word' id='word_1_103' title='bbox 1309 1529 1350 1578; x_wconf 90' lang='lat' dir='ltr'><strong>ea</strong></span> <span class='ocrx_word' id='word_1_104' title='bbox 1377 1531 1491 1579; x_wconf 90' lang='lat' dir='ltr'><strong>sonum</strong></span> <span class='ocrx_word' id='word_1_105' title='bbox 1510 1515 1684 1600; x_wconf 90' lang='lat' dir='ltr'><strong>genuinum</strong></span> <span class='ocrx_word' id='word_1_106' title='bbox 1711 1518 1825 1586; x_wconf 90' lang='lat' dir='ltr'><strong>melios</strong></span> <span class='ocrx_word' id='word_1_107' title='bbox 1846 1523 1909 1588; x_wconf 87' lang='lat' dir='ltr'><strong>sibi</strong></span> 
     </span>
    </p>
   </div>
   <div class='ocr_carea' id='block_1_5' title="bbox 135 1601 1910 1771">
    <p class='ocr_par' dir='ltr' id='par_1_5' title="bbox 135 1601 1910 1771">
     <span class='ocr_line' id='line_1_9' title="bbox 135 1601 1910 1771; baseline 0.007 -62"><span class='ocrx_word' id='word_1_108' title='bbox 135 1643 295 1732; x_wconf 87' lang='lat' dir='ltr'><strong>seruauit,</strong></span> <span class='ocrx_word' id='word_1_109' title='bbox 321 1645 353 1712; x_wconf 90' lang='lat' dir='ltr'><strong>si</strong></span> <span class='ocrx_word' id='word_1_110' title='bbox 379 1643 538 1714; x_wconf 89' lang='lat' dir='ltr'><strong>habeatur</strong></span> <span class='ocrx_word' id='word_1_111' title='bbox 565 1662 624 1730; x_wconf 90' lang='lat' dir='ltr'><strong>pro</strong></span> <span class='ocrx_word' id='word_1_112' title='bbox 651 1601 749 1710; x_wconf 64' lang='lat' dir='ltr'><strong>litera</strong></span> <span class='ocrx_word' id='word_1_113' title='bbox 774 1661 818 1709; x_wconf 83' lang='lat' dir='ltr'><strong>cx</strong></span> <span class='ocrx_word' id='word_1_114' title='bbox 843 1641 1044 1771; x_wconf 56' lang='lat' dir='ltr'><strong>Gon&#39;onda.</strong></span> <span class='ocrx_word' id='word_1_115' title='bbox 1066 1641 1223 1710; x_wconf 84' lang='lat' dir='ltr'><strong>Nolumus</strong></span> <span class='ocrx_word' id='word_1_116' title='bbox 1245 1649 1354 1711; x_wconf 77' lang='lat' dir='ltr'><strong>tauma</strong></span> <span class='ocrx_word' id='word_1_117' title='bbox 1374 1664 1558 1734; x_wconf 84' lang='lat' dir='ltr'><strong>repugnare</strong></span> <span class='ocrx_word' id='word_1_118' title='bbox 1579 1650 1768 1720; x_wconf 87' lang='lat' dir='ltr'><strong>sententiae</strong></span> <span class='ocrx_word' id='word_1_119' title='bbox 1788 1672 1910 1746; x_wconf 89' lang='lat' dir='ltr'><strong>eorum,</strong></span> 
     </span>
    </p>
   </div>
   <div class='ocr_carea' id='block_1_6' title="bbox 136 1775 1140 1904">
    <p class='ocr_par' dir='ltr' id='par_1_6' title="bbox 136 1775 1140 1904">
     <span class='ocr_line' id='line_1_10' title="bbox 136 1775 1140 1904; baseline 0 -62"><span class='ocrx_word' id='word_1_120' title='bbox 136 1777 194 1863; x_wconf 88' lang='lat' dir='ltr'><strong>qui</strong></span> <span class='ocrx_word' id='word_1_121' title='bbox 214 1795 326 1904; x_wconf 49' lang='lat' dir='ltr'><strong>(pro</strong></span> <span class='ocrx_word' id='word_1_122' title='bbox 348 1775 516 1843; x_wconf 88' lang='lat' dir='ltr'><strong>diaoritioa</strong></span> <span class='ocrx_word' id='word_1_123' title='bbox 536 1775 634 1844; x_wconf 89' lang='lat' dir='ltr'><strong>litera</strong></span> <span class='ocrx_word' id='word_1_124' title='bbox 653 1779 793 1902; x_wconf 64' lang='lat' dir='ltr'><strong>C=tl</strong></span> <span class='ocrx_word' id='word_1_125' title='bbox 815 1777 937 1844; x_wconf 90' lang='lat' dir='ltr'><strong>babere</strong></span> <span class='ocrx_word' id='word_1_126' title='bbox 957 1777 1140 1844; x_wconf 87' lang='lat' dir='ltr'><strong>maluerint.</strong></span> 
     </span>
    </p>
   </div>
   <div class='ocr_carea' id='block_1_7' title="bbox 134 1919 1912 2132">
    <p class='ocr_par' dir='ltr' id='par_1_7' title="bbox 134 1919 1912 2132">
     <span class='ocr_line' id='line_1_11' title="bbox 293 1919 1912 2036; baseline 0.011 -46"><span class='ocrx_word' id='word_1_127' title='bbox 293 1919 321 1990; x_wconf 61' lang='lat' dir='ltr'><strong>b,</strong></span> <span class='ocrx_word' id='word_1_128' title='bbox 345 1937 388 1984; x_wconf 78' lang='lat' dir='ltr'><strong>ex</strong></span> <span class='ocrx_word' id='word_1_129' title='bbox 415 1928 545 1989; x_wconf 66' lang='lat' dir='ltr'><strong>t&gt;=l</strong></span> <span class='ocrx_word' id='word_1_130' title='bbox 567 1926 731 1993; x_wconf 88' lang='lat' dir='ltr'><strong>oriundum</strong></span> <span class='ocrx_word' id='word_1_131' title='bbox 751 1927 844 1993; x_wconf 91' lang='lat' dir='ltr'><strong>initio</strong></span> <span class='ocrx_word' id='word_1_132' title='bbox 866 1927 889 1992; x_wconf 82' lang='lat' dir='ltr'><strong>d</strong></span> <span class='ocrx_word' id='word_1_133' title='bbox 908 1924 1105 1994; x_wconf 85' lang='lat' dir='ltr'><strong>Graecorum</strong></span> <span class='ocrx_word' id='word_1_134' title='bbox 1126 1926 1314 2036; x_wconf 85' lang='lat' dir='ltr'><strong>hodiernum</strong></span> <span class='ocrx_word' id='word_1_135' title='bbox 1342 1930 1556 2018; x_wconf 83' lang='lat' dir='ltr'><strong>expressisse</strong></span> <span class='ocrx_word' id='word_1_136' title='bbox 1583 1931 1727 2017; x_wconf 86' lang='lat' dir='ltr'><strong>videtur,</strong></span> <span class='ocrx_word' id='word_1_137' title='bbox 1749 1937 1912 2026; x_wconf 80' lang='lat' dir='ltr'><strong>qnipped</strong></span> 
     </span>
     <span class='ocr_line' id='line_1_12' title="bbox 134 2041 1057 2132; baseline -0.003 -21"><span class='ocrx_word' id='word_1_138' title='bbox 134 2041 230 2132; x_wconf 90' lang='lat' dir='ltr'><strong>illud,</strong></span> <span class='ocrx_word' id='word_1_139' title='bbox 250 2041 335 2130; x_wconf 89' lang='lat' dir='ltr'><strong>quod</strong></span> <span class='ocrx_word' id='word_1_140' title='bbox 356 2047 503 2110; x_wconf 88' lang='lat' dir='ltr'><strong>naturam</strong></span> <span class='ocrx_word' id='word_1_141' title='bbox 524 2043 695 2110; x_wconf 86' lang='lat' dir='ltr'><strong>vernaculi</strong></span> <span class='ocrx_word' id='word_1_142' title='bbox 715 2043 740 2109; x_wconf 84' lang='lat' dir='ltr'><strong>d</strong></span> <span class='ocrx_word' id='word_1_143' title='bbox 758 2043 899 2110; x_wconf 90' lang='lat' dir='ltr'><strong>nondum</strong></span> <span class='ocrx_word' id='word_1_144' title='bbox 918 2042 1057 2110; x_wconf 84' lang='lat' dir='ltr'><strong>exuerit.</strong></span> 
     </span>
    </p>
   </div>
   <div class='ocr_carea' id='block_1_8' title="bbox 288 2173 301 2197">
    <p class='ocr_par' dir='ltr' id='par_1_8' title="bbox 288 2173 301 2197">
     <span class='ocr_line' id='line_1_13' title="bbox 288 2173 301 2197; baseline -0.077 0"><span class='ocrx_word' id='word_1_145' title='bbox 288 2173 301 2197; x_wconf 67' lang='lat' dir='ltr'><strong>nh</strong></span> 
     </span>
    </p>
   </div>
   <div class='ocr_carea' id='block_1_9' title="bbox 136 2192 1908 2418">
    <p class='ocr_par' dir='ltr' id='par_1_9' title="bbox 136 2192 1908 2418">
     <span class='ocr_line' id='line_1_14' title="bbox 288 2192 1908 2303; baseline 0.007 -42"><span class='ocrx_word' id='word_1_146' title='bbox 288 2229 308 2303; x_wconf 86' lang='lat'><em>)</em></span> <span class='ocrx_word' id='word_1_147' title='bbox 342 2210 437 2282; x_wconf 84' lang='lat' dir='ltr'><strong>quum</strong></span> <span class='ocrx_word' id='word_1_148' title='bbox 471 2192 514 2259; x_wconf 92' lang='lat' dir='ltr'><strong>ad</strong></span> <span class='ocrx_word' id='word_1_149' title='bbox 534 2212 555 2301; x_wconf 62' lang='lat' dir='ltr'>j</span> <span class='ocrx_word' id='word_1_150' title='bbox 582 2212 634 2244; x_wconf 89' lang='lat'>=</span> <span class='ocrx_word' id='word_1_151' title='bbox 657 2201 668 2257; x_wconf 91' lang='lat' dir='ltr'><strong>l</strong></span> <span class='ocrx_word' id='word_1_152' title='bbox 693 2194 868 2282; x_wconf 80' lang='lat' dir='ltr'><strong>pertineat,</strong></span> <span class='ocrx_word' id='word_1_153' title='bbox 888 2213 953 2292; x_wconf 85' lang='lat' dir='ltr'><strong>non</strong></span> <span class='ocrx_word' id='word_1_154' title='bbox 983 2195 1088 2280; x_wconf 91' lang='lat' dir='ltr'><strong>potuit</strong></span> <span class='ocrx_word' id='word_1_155' title='bbox 1107 2194 1199 2262; x_wconf 93' lang='lat' dir='ltr'><strong>initio</strong></span> <span class='ocrx_word' id='word_1_156' title='bbox 1221 2216 1333 2284; x_wconf 89' lang='lat' dir='ltr'><strong>parum</strong></span> <span class='ocrx_word' id='word_1_157' title='bbox 1353 2203 1528 2285; x_wconf 85' lang='lat' dir='ltr'><strong>putumque</strong></span> <span class='ocrx_word' id='word_1_158' title='bbox 1559 2198 1619 2282; x_wconf 77' lang='lat' dir='ltr'><strong>sch</strong></span> <span class='ocrx_word' id='word_1_159' title='bbox 1640 2201 1835 2289; x_wconf 84' lang='lat' dir='ltr'><strong>significare,</strong></span> <span class='ocrx_word' id='word_1_160' title='bbox 1856 2208 1908 2274; x_wconf 87' lang='lat' dir='ltr'><strong>cui</strong></span> 
     </span>
     <span class='ocr_line' id='line_1_15' title="bbox 136 2309 1542 2418; baseline 0.003 -42"><span class='ocrx_word' id='word_1_161' title='bbox 136 2314 183 2402; x_wconf 61' lang='lat' dir='ltr'><strong>ub</strong></span> <span class='ocrx_word' id='word_1_162' title='bbox 197 2310 288 2374; x_wconf 78' lang='lat' dir='ltr'><strong>:m</strong></span> <span class='ocrx_word' id='word_1_163' title='bbox 309 2310 531 2400; x_wconf 76' lang='lat' dir='ltr'><strong>inseruiebat3</strong></span> <span class='ocrx_word' id='word_1_164' title='bbox 556 2309 620 2376; x_wconf 92' lang='lat' dir='ltr'><strong>imo</strong></span> <span class='ocrx_word' id='word_1_165' title='bbox 648 2329 763 2378; x_wconf 90' lang='lat' dir='ltr'><strong>sonum</strong></span> <span class='ocrx_word' id='word_1_166' title='bbox 784 2311 825 2376; x_wconf 81' lang='lat' dir='ltr'><strong>de</strong></span> <span class='ocrx_word' id='word_1_167' title='bbox 843 2329 896 2360; x_wconf 93' lang='lat'>=</span> <span class='ocrx_word' id='word_1_168' title='bbox 914 2330 935 2418; x_wconf 62' lang='lat' dir='ltr'>j</span> <span class='ocrx_word' id='word_1_169' title='bbox 962 2311 1098 2376; x_wconf 89' lang='lat' dir='ltr'><strong>similem</strong></span> <span class='ocrx_word' id='word_1_170' title='bbox 1119 2314 1291 2381; x_wconf 87' lang='lat' dir='ltr'><strong>retinuerit</strong></span> <span class='ocrx_word' id='word_1_171' title='bbox 1311 2333 1450 2382; x_wconf 90' lang='lat' dir='ltr'><strong>necesse</strong></span> <span class='ocrx_word' id='word_1_172' title='bbox 1478 2320 1542 2380; x_wconf 90' lang='lat' dir='ltr'><strong>cst.</strong></span> 
     </span>
    </p>
   </div>
   <div class='ocr_carea' id='block_1_10' title="bbox 135 2451 1906 2762">
    <p class='ocr_par' dir='ltr' id='par_1_10' title="bbox 135 2451 1906 2762">
     <span class='ocr_line' id='line_1_16' title="bbox 289 2451 1905 2557; baseline 0.009 -33"><span class='ocrx_word' id='word_1_173' title='bbox 289 2451 327 2524; x_wconf 72' lang='lat' dir='ltr'><strong>b</strong></span> <span class='ocrx_word' id='word_1_174' title='bbox 353 2470 396 2521; x_wconf 85' lang='lat' dir='ltr'><strong>ex</strong></span> <span class='ocrx_word' id='word_1_175' title='bbox 423 2451 460 2523; x_wconf 77' lang='lat' dir='ltr'><strong>lo</strong></span> <span class='ocrx_word' id='word_1_176' title='bbox 476 2467 566 2524; x_wconf 81' lang='lat' dir='ltr'><strong>=m</strong></span> <span class='ocrx_word' id='word_1_177' title='bbox 593 2461 759 2557; x_wconf 79' lang='lat' dir='ltr'><strong>oriundum</strong></span> <span class='ocrx_word' id='word_1_178' title='bbox 778 2459 896 2528; x_wconf 89' lang='lat' dir='ltr'><strong>literae</strong></span> <span class='ocrx_word' id='word_1_179' title='bbox 923 2468 970 2547; x_wconf 59' lang='lat' dir='ltr'><strong>„rt</strong></span> <span class='ocrx_word' id='word_1_180' title='bbox 983 2480 1067 2526; x_wconf 52' lang='grc' dir='ltr'><strong>,πω</strong></span> <span class='ocrx_word' id='word_1_181' title='bbox 1088 2460 1180 2528; x_wconf 90' lang='lat' dir='ltr'><strong>initio</strong></span> <span class='ocrx_word' id='word_1_182' title='bbox 1202 2464 1339 2550; x_wconf 83' lang='lat' dir='ltr'><strong>aequale</strong></span> <span class='ocrx_word' id='word_1_183' title='bbox 1369 2465 1483 2553; x_wconf 82' lang='lat' dir='ltr'><strong>foisse,</strong></span> <span class='ocrx_word' id='word_1_184' title='bbox 1503 2464 1623 2531; x_wconf 89' lang='lat' dir='ltr'><strong>nemini</strong></span> <span class='ocrx_word' id='word_1_185' title='bbox 1644 2469 1905 2553; x_wconf 88' lang='lat' dir='ltr'><strong>persuadebitur.</strong></span> 
     </span>
     <span class='ocr_line' id='line_1_17' title="bbox 137 2574 1906 2672; baseline 0.007 -28"><span class='ocrx_word' id='word_1_186' title='bbox 137 2577 250 2652; x_wconf 76' lang='lat' dir='ltr'><strong>Quare</strong></span> <span class='ocrx_word' id='word_1_187' title='bbox 275 2583 424 2666; x_wconf 88' lang='lat' dir='ltr'><strong>putamus</strong></span> <span class='ocrx_word' id='word_1_188' title='bbox 450 2577 512 2644; x_wconf 92' lang='lat' dir='ltr'><strong>hoc</strong></span> <span class='ocrx_word' id='word_1_189' title='bbox 540 2577 646 2646; x_wconf 88' lang='lat' dir='ltr'><strong>simile</strong></span> <span class='ocrx_word' id='word_1_190' title='bbox 672 2577 775 2646; x_wconf 85' lang='lat' dir='ltr'><strong>luisse</strong></span> <span class='ocrx_word' id='word_1_191' title='bbox 801 2577 832 2644; x_wconf 75' lang='grc' dir='ltr'><em>θ</em></span> <span class='ocrx_word' id='word_1_192' title='bbox 857 2574 1055 2644; x_wconf 84' lang='lat' dir='ltr'><strong>Graecorum</strong></span> <span class='ocrx_word' id='word_1_193' title='bbox 1080 2576 1257 2669; x_wconf 90' lang='lat' dir='ltr'><strong>hodierno,</strong></span> <span class='ocrx_word' id='word_1_194' title='bbox 1283 2579 1368 2668; x_wconf 89' lang='lat' dir='ltr'><strong>qood</strong></span> <span class='ocrx_word' id='word_1_195' title='bbox 1395 2601 1460 2649; x_wconf 91' lang='lat' dir='ltr'><strong>non</strong></span> <span class='ocrx_word' id='word_1_196' title='bbox 1488 2581 1536 2648; x_wconf 86' lang='lat' dir='ltr'><strong>ita</strong></span> <span class='ocrx_word' id='word_1_197' title='bbox 1562 2581 1694 2650; x_wconf 90' lang='lat' dir='ltr'><strong>multum</strong></span> <span class='ocrx_word' id='word_1_198' title='bbox 1721 2587 1906 2672; x_wconf 86' lang='lat' dir='ltr'><strong>agenoino</strong></span> 
     </span>
     <span class='ocr_line' id='line_1_18' title="bbox 135 2695 479 2762; baseline 0.006 -4"><span class='ocrx_word' id='word_1_199' title='bbox 135 2699 163 2758; x_wconf 77' lang='lat' dir='ltr'><strong>tn</strong></span> <span class='ocrx_word' id='word_1_200' title='bbox 189 2714 271 2762; x_wconf 91' lang='lat' dir='ltr'><strong>sono</strong></span> <span class='ocrx_word' id='word_1_201' title='bbox 291 2695 479 2762; x_wconf 83' lang='lat' dir='ltr'><strong>recesserit.</strong></span> 
     </span>
    </p>
   </div>
   <div class='ocr_carea' id='block_1_11' title="bbox 136 2807 1907 3050">
    <p class='ocr_par' dir='ltr' id='par_1_11' title="bbox 136 2807 1907 3050">
     <span class='ocr_line' id='line_1_19' title="bbox 292 2807 1907 2945; baseline 0.016 -46"><span class='ocrx_word' id='word_1_202' title='bbox 292 2863 339 2929; x_wconf 73' lang='lat'><strong>0⁰</strong></span> <span class='ocrx_word' id='word_1_203' title='bbox 365 2838 400 2900; x_wconf 92' lang='lat' dir='ltr'><strong>et</strong></span> <span class='ocrx_word' id='word_1_204' title='bbox 426 2851 472 2928; x_wconf 58' lang='lat' dir='ltr'><strong>„a</strong></span> <span class='ocrx_word' id='word_1_205' title='bbox 499 2843 700 2932; x_wconf 90' lang='lat' dir='ltr'><strong>respondent</strong></span> <span class='ocrx_word' id='word_1_206' title='bbox 720 2843 883 2913; x_wconf 77' lang='lat' dir='ltr'><strong>Hebraico</strong></span> <span class='ocrx_word' id='word_1_207' title='bbox 909 2853 946 2929; x_wconf 71' lang='lat' dir='ltr'><strong>s,</strong></span> <span class='ocrx_word' id='word_1_208' title='bbox 973 2807 1074 2936; x_wconf 73' lang='lat' dir='ltr'><strong>onore</strong></span> <span class='ocrx_word' id='word_1_209' title='bbox 1104 2873 1151 2936; x_wconf 72' lang='lat'><strong>0⁰</strong></span> <span class='ocrx_word' id='word_1_210' title='bbox 1173 2849 1265 2918; x_wconf 92' lang='lat' dir='ltr'><strong>initio</strong></span> <span class='ocrx_word' id='word_1_211' title='bbox 1291 2867 1358 2918; x_wconf 88' lang='lat' dir='ltr'><strong>non</strong></span> <span class='ocrx_word' id='word_1_212' title='bbox 1379 2866 1414 2936; x_wconf 85' lang='lat' dir='ltr'><strong>a,</strong></span> <span class='ocrx_word' id='word_1_213' title='bbox 1436 2851 1488 2917; x_wconf 91' lang='lat' dir='ltr'><strong>cai</strong></span> <span class='ocrx_word' id='word_1_214' title='bbox 1518 2885 1560 2942; x_wconf 55' lang='grc' dir='ltr'><em>ψ</em></span> <span class='ocrx_word' id='word_1_215' title='bbox 1587 2863 1626 2906; x_wconf 88' lang='lat'>=</span> <span class='ocrx_word' id='word_1_216' title='bbox 1653 2855 1907 2945; x_wconf 73' lang='lat' dir='ltr'><strong>Diuseruiebat,</strong></span> 
     </span>
     <span class='ocr_line' id='line_1_20' title="bbox 136 2957 1191 3050; baseline 0.005 -24"><span class='ocrx_word' id='word_1_217' title='bbox 136 2957 252 3028; x_wconf 83' lang='lat' dir='ltr'><strong>velere</strong></span> <span class='ocrx_word' id='word_1_218' title='bbox 272 2958 387 3047; x_wconf 88' lang='lat' dir='ltr'><strong>potuit,</strong></span> <span class='ocrx_word' id='word_1_219' title='bbox 406 2957 468 3024; x_wconf 89' lang='lat' dir='ltr'><strong>sed</strong></span> <span class='ocrx_word' id='word_1_220' title='bbox 479 2976 592 3025; x_wconf 89' lang='lat' dir='ltr'><strong>sonum</strong></span> <span class='ocrx_word' id='word_1_221' title='bbox 604 2959 727 3036; x_wconf 69' lang='lat' dir='ltr'><strong>literae,</strong></span> <span class='ocrx_word' id='word_1_222' title='bbox 745 2968 792 3047; x_wconf 65' lang='lat'><strong>03</strong></span> <span class='ocrx_word' id='word_1_223' title='bbox 815 2965 846 3026; x_wconf 83' lang='lat' dir='ltr'><strong>la</strong></span> <span class='ocrx_word' id='word_1_224' title='bbox 866 2961 1014 3050; x_wconf 85' lang='lat' dir='ltr'><strong>similem,</strong></span> <span class='ocrx_word' id='word_1_225' title='bbox 1034 2964 1120 3031; x_wconf 82' lang='lat' dir='ltr'><strong>forte</strong></span> <span class='ocrx_word' id='word_1_226' title='bbox 1141 2966 1191 3031; x_wconf 81' lang='lat' dir='ltr'><strong>de.</strong></span> 
     </span>
    </p>
   </div>
   <div class='ocr_carea' id='block_1_12' title="bbox 135 3104 1905 3470">
    <p class='ocr_par' dir='ltr' id='par_1_12' title="bbox 135 3104 1905 3470">
     <span class='ocr_line' id='line_1_21' title="bbox 276 3104 1903 3226; baseline 0.01 -53"><span class='ocrx_word' id='word_1_227' title='bbox 276 3133 317 3226; x_wconf 34' lang='grc' dir='ltr'><strong>,ε</strong></span> <span class='ocrx_word' id='word_1_228' title='bbox 342 3104 375 3168; x_wconf 79' lang='lat' dir='ltr'><strong>et</strong></span> <span class='ocrx_word' id='word_1_229' title='bbox 389 3119 417 3212; x_wconf 63' lang='grc' dir='ltr'><em>ξ</em></span> <span class='ocrx_word' id='word_1_230' title='bbox 432 3108 693 3196; x_wconf 81' lang='lat' dir='ltr'><strong>¹pronunciantur</strong></span> <span class='ocrx_word' id='word_1_231' title='bbox 713 3129 798 3178; x_wconf 90' lang='lat' dir='ltr'><strong>nuuc</strong></span> <span class='ocrx_word' id='word_1_232' title='bbox 818 3129 842 3176; x_wconf 87' lang='lat' dir='ltr'><strong><em>a</em></strong></span> <span class='ocrx_word' id='word_1_233' title='bbox 863 3116 898 3176; x_wconf 91' lang='lat' dir='ltr'><strong>et</strong></span> <span class='ocrx_word' id='word_1_234' title='bbox 917 3113 954 3200; x_wconf 83' lang='lat' dir='ltr'><strong>g‘,</strong></span> <span class='ocrx_word' id='word_1_235' title='bbox 974 3130 1017 3178; x_wconf 85' lang='lat' dir='ltr'><strong>ex</strong></span> <span class='ocrx_word' id='word_1_236' title='bbox 1039 3133 1101 3200; x_wconf 89' lang='lat' dir='ltr'><strong>quo</strong></span> <span class='ocrx_word' id='word_1_237' title='bbox 1122 3114 1279 3203; x_wconf 83' lang='lat' dir='ltr'><strong>seqnitur,</strong></span> <span class='ocrx_word' id='word_1_238' title='bbox 1299 3140 1328 3219; x_wconf 66' lang='grc' dir='ltr'><em>ε</em></span> <span class='ocrx_word' id='word_1_239' title='bbox 1346 3133 1473 3201; x_wconf 87' lang='lat' dir='ltr'><strong>quoque</strong></span> <span class='ocrx_word' id='word_1_240' title='bbox 1493 3118 1584 3185; x_wconf 87' lang='lat' dir='ltr'><strong>initio</strong></span> <span class='ocrx_word' id='word_1_241' title='bbox 1607 3120 1717 3187; x_wconf 90' lang='lat' dir='ltr'><strong>dorios</strong></span> <span class='ocrx_word' id='word_1_242' title='bbox 1740 3122 1903 3189; x_wconf 88' lang='lat' dir='ltr'><strong>sonuisse.</strong></span> 
     </span>
     <span class='ocr_line' id='line_1_22' title="bbox 135 3226 1905 3354; baseline 0.006 -45"><span class='ocrx_word' id='word_1_243' title='bbox 135 3243 257 3338; x_wconf 85' lang='lat' dir='ltr'><strong>Neque</strong></span> <span class='ocrx_word' id='word_1_244' title='bbox 277 3261 359 3310; x_wconf 91' lang='lat' dir='ltr'><strong>vero</strong></span> <span class='ocrx_word' id='word_1_245' title='bbox 380 3261 548 3332; x_wconf 90' lang='lat' dir='ltr'><strong>negamus,</strong></span> <span class='ocrx_word' id='word_1_246' title='bbox 561 3243 677 3310; x_wconf 86' lang='lat' dir='ltr'><strong>literas</strong></span> <span class='ocrx_word' id='word_1_247' title='bbox 700 3231 710 3309; x_wconf 79' lang='lat' dir='ltr'><strong>l</strong></span> <span class='ocrx_word' id='word_1_248' title='bbox 742 3261 788 3296; x_wconf 82' lang='lat'><strong>==</strong></span> <span class='ocrx_word' id='word_1_249' title='bbox 813 3251 848 3326; x_wconf 79' lang='lat' dir='ltr'><strong>a,</strong></span> <span class='ocrx_word' id='word_1_250' title='bbox 876 3261 892 3307; x_wconf 80' lang='lat' dir='ltr'><strong>a</strong></span> <span class='ocrx_word' id='word_1_251' title='bbox 918 3262 970 3295; x_wconf 91' lang='lat'>=</span> <span class='ocrx_word' id='word_1_252' title='bbox 994 3247 1030 3326; x_wconf 79' lang='grc' dir='ltr'><strong>Π,</strong></span> <span class='ocrx_word' id='word_1_253' title='bbox 1056 3269 1073 3327; x_wconf 66' lang='lat' dir='ltr'><strong>p,</strong></span> <span class='ocrx_word' id='word_1_254' title='bbox 1098 3265 1151 3296; x_wconf 96' lang='lat'>=</span> <span class='ocrx_word' id='word_1_255' title='bbox 1175 3256 1198 3327; x_wconf 61' lang='grc' dir='ltr'><strong>ἲ,</strong></span> <span class='ocrx_word' id='word_1_256' title='bbox 1224 3270 1252 3349; x_wconf 64' lang='grc' dir='ltr'><em>ε</em></span> <span class='ocrx_word' id='word_1_257' title='bbox 1276 3260 1317 3298; x_wconf 91' lang='lat'>=</span> <span class='ocrx_word' id='word_1_258' title='bbox 1341 3255 1373 3330; x_wconf 77' lang='lat' dir='ltr'><strong>p,</strong></span> <span class='ocrx_word' id='word_1_259' title='bbox 1395 3226 1473 3354; x_wconf 79' lang='lat'><strong>,&#39;--··</strong></span> <span class='ocrx_word' id='word_1_260' title='bbox 1494 3249 1536 3338; x_wconf 88' lang='lat' dir='ltr'><strong>V,</strong></span> <span class='ocrx_word' id='word_1_261' title='bbox 1564 3270 1648 3336; x_wconf 83' lang='lat' dir='ltr'><strong>quae</strong></span> <span class='ocrx_word' id='word_1_262' title='bbox 1670 3251 1806 3320; x_wconf 86' lang='lat' dir='ltr'><strong>vocales</strong></span> <span class='ocrx_word' id='word_1_263' title='bbox 1827 3259 1905 3319; x_wconf 90' lang='lat' dir='ltr'><strong>sont</strong></span> 
     </span>
     <span class='ocr_line' id='line_1_23' title="bbox 135 3374 1904 3470; baseline 0.005 -25"><span class='ocrx_word' id='word_1_264' title='bbox 135 3376 287 3464; x_wconf 89' lang='lat' dir='ltr'><strong>cognatis</strong></span> <span class='ocrx_word' id='word_1_265' title='bbox 307 3374 342 3443; x_wconf 85' lang='lat' dir='ltr'><strong>iit</strong></span> <span class='ocrx_word' id='word_1_266' title='bbox 362 3375 559 3465; x_wconf 81' lang='lat' dir='ltr'><strong>alphabetis,</strong></span> <span class='ocrx_word' id='word_1_267' title='bbox 579 3375 664 3464; x_wconf 92' lang='lat' dir='ltr'><strong>apud</strong></span> <span class='ocrx_word' id='word_1_268' title='bbox 686 3375 810 3444; x_wconf 85' lang='lat' dir='ltr'><strong>Persas</strong></span> <span class='ocrx_word' id='word_1_269' title='bbox 832 3395 958 3467; x_wconf 86' lang='lat' dir='ltr'><strong>qnoque</strong></span> <span class='ocrx_word' id='word_1_270' title='bbox 979 3399 1063 3447; x_wconf 91' lang='lat' dir='ltr'><strong>nunc</strong></span> <span class='ocrx_word' id='word_1_271' title='bbox 1095 3380 1251 3460; x_wconf 90' lang='lat' dir='ltr'><strong>vocales,</strong></span> <span class='ocrx_word' id='word_1_272' title='bbox 1276 3399 1362 3447; x_wconf 89' lang='lat' dir='ltr'><strong>nono</strong></span> <span class='ocrx_word' id='word_1_273' title='bbox 1383 3382 1475 3467; x_wconf 88' lang='lat' dir='ltr'><strong>quasi</strong></span> <span class='ocrx_word' id='word_1_274' title='bbox 1497 3400 1660 3452; x_wconf 90' lang='lat' dir='ltr'><strong>consonas</strong></span> <span class='ocrx_word' id='word_1_275' title='bbox 1688 3385 1904 3470; x_wconf 77' lang='lat' dir='ltr'><strong>significasse.</strong></span> 
     </span>
    </p>
   </div>
   <div class='ocr_carea' id='block_1_13' title="bbox 132 3495 1905 3750">
    <p class='ocr_par' dir='ltr' id='par_1_13' title="bbox 132 3495 1905 3750">
     <span class='ocr_line' id='line_1_24' title="bbox 277 3495 1905 3633; baseline 0.01 -43"><span class='ocrx_word' id='word_1_276' title='bbox 277 3495 338 3622; x_wconf 54' lang='lat' dir='ltr'><strong>Li</strong></span> <span class='ocrx_word' id='word_1_277' title='bbox 359 3527 457 3595; x_wconf 63' lang='lat' dir='ltr'><strong>initiox</strong></span> <span class='ocrx_word' id='word_1_278' title='bbox 473 3547 538 3596; x_wconf 90' lang='lat' dir='ltr'><strong>non</strong></span> <span class='ocrx_word' id='word_1_279' title='bbox 565 3545 688 3594; x_wconf 90' lang='lat' dir='ltr'><strong>merum</strong></span> <span class='ocrx_word' id='word_1_280' title='bbox 713 3527 735 3609; x_wconf 84' lang='lat' dir='ltr'><strong>f,</strong></span> <span class='ocrx_word' id='word_1_281' title='bbox 764 3527 873 3596; x_wconf 87' lang='lat' dir='ltr'><strong>literis</strong></span> <span class='ocrx_word' id='word_1_282' title='bbox 890 3567 910 3628; x_wconf 65' lang='lat'><em>3</em></span> <span class='ocrx_word' id='word_1_283' title='bbox 929 3545 982 3580; x_wconf 85' lang='lat'>=</span> <span class='ocrx_word' id='word_1_284' title='bbox 997 3537 1007 3592; x_wconf 84' lang='lat' dir='ltr'><strong>l</strong></span> <span class='ocrx_word' id='word_1_285' title='bbox 1022 3548 1074 3580; x_wconf 86' lang='lat'>·—-··</span> <span class='ocrx_word' id='word_1_286' title='bbox 1112 3537 1141 3633; x_wconf 58' lang='lat' dir='ltr'>f</span> <span class='ocrx_word' id='word_1_287' title='bbox 1162 3527 1426 3614; x_wconf 89' lang='lat' dir='ltr'><strong>exprimendum,</strong></span> <span class='ocrx_word' id='word_1_288' title='bbox 1447 3530 1605 3620; x_wconf 89' lang='lat' dir='ltr'><strong>valuisse,</strong></span> <span class='ocrx_word' id='word_1_289' title='bbox 1630 3534 1905 3606; x_wconf 85' lang='lat' dir='ltr'><strong>verosimillimum</strong></span> 
     </span>
     <span class='ocr_line' id='line_1_25' title="bbox 132 3642 1551 3750; baseline -0.001 -36"><span class='ocrx_word' id='word_1_290' title='bbox 132 3651 201 3714; x_wconf 85' lang='lat' dir='ltr'><strong>est.</strong></span> <span class='ocrx_word' id='word_1_291' title='bbox 249 3642 418 3750; x_wconf 72' lang='lat' dir='ltr'><strong>Facillime</strong></span> <span class='ocrx_word' id='word_1_292' title='bbox 432 3659 513 3712; x_wconf 81' lang='lat' dir='ltr'><strong>vero</strong></span> <span class='ocrx_word' id='word_1_293' title='bbox 534 3645 575 3709; x_wconf 62' lang='grc' dir='ltr'><strong>ω’</strong></span> <span class='ocrx_word' id='word_1_294' title='bbox 591 3662 642 3693; x_wconf 93' lang='lat'>=</span> <span class='ocrx_word' id='word_1_295' title='bbox 660 3644 785 3712; x_wconf 69' lang='lat' dir='ltr'><strong>habire</strong></span> <span class='ocrx_word' id='word_1_296' title='bbox 806 3644 912 3731; x_wconf 87' lang='lat' dir='ltr'><strong>potnit</strong></span> <span class='ocrx_word' id='word_1_297' title='bbox 932 3663 973 3714; x_wconf 92' lang='lat' dir='ltr'><strong>ac</strong></span> <span class='ocrx_word' id='word_1_298' title='bbox 993 3643 1103 3711; x_wconf 88' lang='lat' dir='ltr'><strong>debuit</strong></span> <span class='ocrx_word' id='word_1_299' title='bbox 1123 3649 1157 3710; x_wconf 86' lang='lat' dir='ltr'><strong>in</strong></span> <span class='ocrx_word' id='word_1_300' title='bbox 1175 3643 1237 3730; x_wconf 87' lang='lat' dir='ltr'><strong>ph,</strong></span> <span class='ocrx_word' id='word_1_301' title='bbox 1258 3643 1334 3710; x_wconf 91' lang='lat' dir='ltr'><strong>binc</strong></span> <span class='ocrx_word' id='word_1_302' title='bbox 1354 3645 1389 3709; x_wconf 92' lang='lat' dir='ltr'><strong>in</strong></span> <span class='ocrx_word' id='word_1_303' title='bbox 1408 3643 1435 3729; x_wconf 77' lang='lat' dir='ltr'><em>f</em></span> <span class='ocrx_word' id='word_1_304' title='bbox 1449 3671 1492 3704; x_wconf 91' lang='lat'>=</span> <span class='ocrx_word' id='word_1_305' title='bbox 1512 3671 1551 3734; x_wconf 82' lang='grc' dir='ltr'><strong>φ.</strong></span> 
     </span>
    </p>
   </div>
   <div class='ocr_carea' id='block_1_14' title="bbox 132 3791 1905 4118">
    <p class='ocr_par' dir='ltr' id='par_1_14' title="bbox 132 3791 1905 4118">
     <span class='ocr_line' id='line_1_26' title="bbox 209 3791 1905 3887; baseline 0.006 -29"><span class='ocrx_word' id='word_1_306' title='bbox 209 3795 211 3805; x_wconf 88' lang='grc'><strong>“</strong></span> <span class='ocrx_word' id='word_1_307' title='bbox 288 3803 327 3858; x_wconf 73' lang='lat' dir='ltr'><strong>oo</strong></span> <span class='ocrx_word' id='word_1_308' title='bbox 348 3793 497 3884; x_wconf 53' lang='lat' dir='ltr'><strong>deniqne,</strong></span> <span class='ocrx_word' id='word_1_309' title='bbox 516 3815 611 3882; x_wconf 88' lang='lat' dir='ltr'><strong>quum</strong></span> <span class='ocrx_word' id='word_1_310' title='bbox 633 3813 676 3862; x_wconf 85' lang='lat' dir='ltr'><strong>ex</strong></span> <span class='ocrx_word' id='word_1_311' title='bbox 699 3801 839 3860; x_wconf 69' lang='lat' dir='ltr'><strong>co=lt</strong></span> <span class='ocrx_word' id='word_1_312' title='bbox 854 3807 894 3850; x_wconf 88' lang='lat'>=</span> <span class='ocrx_word' id='word_1_313' title='bbox 915 3821 934 3862; x_wconf 83' lang='grc' dir='ltr'><strong><em>τ</em></strong></span> <span class='ocrx_word' id='word_1_314' title='bbox 956 3793 1125 3883; x_wconf 87' lang='lat' dir='ltr'><strong>prodierit,</strong></span> <span class='ocrx_word' id='word_1_315' title='bbox 1145 3791 1237 3858; x_wconf 92' lang='lat' dir='ltr'><strong>initio</strong></span> <span class='ocrx_word' id='word_1_316' title='bbox 1260 3811 1379 3860; x_wconf 90' lang='lat' dir='ltr'><strong>sonare</strong></span> <span class='ocrx_word' id='word_1_317' title='bbox 1400 3812 1466 3862; x_wconf 92' lang='lat' dir='ltr'><strong>non</strong></span> <span class='ocrx_word' id='word_1_318' title='bbox 1488 3795 1594 3881; x_wconf 91' lang='lat' dir='ltr'><strong>potuit</strong></span> <span class='ocrx_word' id='word_1_319' title='bbox 1615 3814 1644 3887; x_wconf 83' lang='lat' dir='ltr'><strong>a,</strong></span> <span class='ocrx_word' id='word_1_320' title='bbox 1665 3799 1823 3884; x_wconf 82' lang='lat' dir='ltr'><strong>quemad</strong></span> <span class='ocrx_word' id='word_1_321' title='bbox 1845 3821 1905 3869; x_wconf 90' lang='lat' dir='ltr'><strong>so·</strong></span> 
     </span>
     <span class='ocr_line' id='line_1_27' title="bbox 133 3908 1905 4002; baseline 0.002 -20"><span class='ocrx_word' id='word_1_322' title='bbox 133 3929 214 3982; x_wconf 91' lang='lat' dir='ltr'><strong>uum</strong></span> <span class='ocrx_word' id='word_1_323' title='bbox 235 3909 475 3997; x_wconf 76' lang='lat' dir='ltr'><strong>exprimendum</strong></span> <span class='ocrx_word' id='word_1_324' title='bbox 496 3911 593 3979; x_wconf 88' lang='lat' dir='ltr'><strong>litera</strong></span> <span class='ocrx_word' id='word_1_325' title='bbox 608 3949 650 4002; x_wconf 56' lang='grc' dir='ltr'><strong><em>ψ</em></strong></span> <span class='ocrx_word' id='word_1_326' title='bbox 672 3919 767 3974; x_wconf 78' lang='lat'><strong>=0</strong></span> <span class='ocrx_word' id='word_1_327' title='bbox 793 3911 920 3980; x_wconf 87' lang='lat' dir='ltr'><strong>aderat.</strong></span> <span class='ocrx_word' id='word_1_328' title='bbox 965 3912 1075 3987; x_wconf 78' lang='lat' dir='ltr'><strong>Quare</strong></span> <span class='ocrx_word' id='word_1_329' title='bbox 1098 3920 1137 3978; x_wconf 73' lang='lat' dir='ltr'><strong>co</strong></span> <span class='ocrx_word' id='word_1_330' title='bbox 1150 3911 1221 3976; x_wconf 91' lang='lat' dir='ltr'><strong>siue</strong></span> <span class='ocrx_word' id='word_1_331' title='bbox 1243 3908 1279 3975; x_wconf 75' lang='lat' dir='ltr'><strong>tle</strong></span> <span class='ocrx_word' id='word_1_332' title='bbox 1299 3909 1598 3996; x_wconf 69' lang='lat' dir='ltr'><strong>Anglicomsioeb</strong></span> <span class='ocrx_word' id='word_1_333' title='bbox 1620 3913 1819 3984; x_wconf 86' lang='lat' dir='ltr'><strong>Graecorum</strong></span> <span class='ocrx_word' id='word_1_334' title='bbox 1840 3937 1905 3984; x_wconf 88' lang='lat' dir='ltr'><strong>ex-</strong></span> 
     </span>
     <span class='ocr_line' id='line_1_28' title="bbox 132 4024 1102 4118; baseline -0.005 -22"><span class='ocrx_word' id='word_1_335' title='bbox 132 4027 312 4118; x_wconf 88' lang='lat' dir='ltr'><strong>presserit,</strong></span> <span class='ocrx_word' id='word_1_336' title='bbox 332 4025 416 4092; x_wconf 84' lang='lat' dir='ltr'><strong>fines</strong></span> <span class='ocrx_word' id='word_1_337' title='bbox 427 4024 544 4094; x_wconf 88' lang='lat' dir='ltr'><strong>literae</strong></span> <span class='ocrx_word' id='word_1_338' title='bbox 568 4035 592 4093; x_wconf 75' lang='lat' dir='ltr'><strong>lt</strong></span> <span class='ocrx_word' id='word_1_339' title='bbox 613 4055 658 4088; x_wconf 84' lang='lat'><strong>==</strong></span> <span class='ocrx_word' id='word_1_340' title='bbox 679 4034 694 4095; x_wconf 91' lang='lat' dir='ltr'><strong>t</strong></span> <span class='ocrx_word' id='word_1_341' title='bbox 714 4026 879 4096; x_wconf 84' lang='lat' dir='ltr'><strong>excedere</strong></span> <span class='ocrx_word' id='word_1_342' title='bbox 900 4047 966 4097; x_wconf 94' lang='lat' dir='ltr'><strong>non</strong></span> <span class='ocrx_word' id='word_1_343' title='bbox 988 4028 1102 4114; x_wconf 90' lang='lat' dir='ltr'><strong>potuit.</strong></span> 
     </span>
    </p>
   </div>
   <div class='ocr_carea' id='block_1_15' title="bbox 134 4144 1904 4847">
    <p class='ocr_par' dir='ltr' id='par_1_15' title="bbox 134 4144 1904 4847">
     <span class='ocr_line' id='line_1_29' title="bbox 228 4144 1904 4266; baseline 0.004 -25"><span class='ocrx_word' id='word_1_344' title='bbox 228 4144 233 4158; x_wconf 35' lang='lat'><em>&#39;</em></span> <span class='ocrx_word' id='word_1_345' title='bbox 288 4167 508 4243; x_wconf 85' lang='lat' dir='ltr'><strong>Prasmonitis</strong></span> <span class='ocrx_word' id='word_1_346' title='bbox 529 4175 585 4241; x_wconf 87' lang='lat' dir='ltr'><strong>his</strong></span> <span class='ocrx_word' id='word_1_347' title='bbox 604 4175 668 4242; x_wconf 93' lang='lat' dir='ltr'><strong>iam</strong></span> <span class='ocrx_word' id='word_1_348' title='bbox 689 4175 784 4243; x_wconf 87' lang='lat' dir='ltr'><strong>lacile</strong></span> <span class='ocrx_word' id='word_1_349' title='bbox 805 4179 880 4264; x_wconf 89' lang='lat' dir='ltr'><strong>erit,</strong></span> <span class='ocrx_word' id='word_1_350' title='bbox 899 4177 1104 4264; x_wconf 84' lang='lat' dir='ltr'><strong>alphabetum</strong></span> <span class='ocrx_word' id='word_1_351' title='bbox 1129 4174 1366 4262; x_wconf 87' lang='lat' dir='ltr'><strong>Neopersicom</strong></span> <span class='ocrx_word' id='word_1_352' title='bbox 1393 4191 1465 4239; x_wconf 93' lang='lat' dir='ltr'><strong>cum</strong></span> <span class='ocrx_word' id='word_1_353' title='bbox 1492 4177 1689 4244; x_wconf 84' lang='lat' dir='ltr'><strong>cuneolorml</strong></span> <span class='ocrx_word' id='word_1_354' title='bbox 1716 4198 1904 4266; x_wconf 81' lang='lat' dir='ltr'><strong>comparare</strong></span> 
     </span>
     <span class='ocr_line' id='line_1_30' title="bbox 134 4287 1904 4383; baseline -0.001 -20"><span class='ocrx_word' id='word_1_355' title='bbox 134 4302 236 4383; x_wconf 88' lang='lat' dir='ltr'><strong>atque</strong></span> <span class='ocrx_word' id='word_1_356' title='bbox 256 4290 372 4380; x_wconf 89' lang='lat' dir='ltr'><strong>quibus</strong></span> <span class='ocrx_word' id='word_1_357' title='bbox 391 4291 499 4358; x_wconf 90' lang='lat' dir='ltr'><strong>literis</strong></span> <span class='ocrx_word' id='word_1_358' title='bbox 519 4290 667 4376; x_wconf 87' lang='lat' dir='ltr'><strong>singulae</strong></span> <span class='ocrx_word' id='word_1_359' title='bbox 688 4291 919 4379; x_wconf 89' lang='lat' dir='ltr'><strong>responderint</strong></span> <span class='ocrx_word' id='word_1_360' title='bbox 939 4293 1175 4360; x_wconf 90' lang='lat' dir='ltr'><strong>demonstrare.</strong></span> <span class='ocrx_word' id='word_1_361' title='bbox 1218 4287 1425 4378; x_wconf 87' lang='lat' dir='ltr'><strong>Tenendum,</strong></span> <span class='ocrx_word' id='word_1_362' title='bbox 1445 4289 1559 4358; x_wconf 90' lang='lat' dir='ltr'><strong>literas</strong></span> <span class='ocrx_word' id='word_1_363' title='bbox 1580 4293 1754 4362; x_wconf 87' lang='lat' dir='ltr'><strong>Persarum</strong></span> <span class='ocrx_word' id='word_1_364' title='bbox 1782 4295 1904 4364; x_wconf 90' lang='lat' dir='ltr'><strong>diacri-</strong></span> 
     </span>
     <span class='ocr_line' id='line_1_31' title="bbox 135 4405 1903 4499; baseline 0.002 -20"><span class='ocrx_word' id='word_1_365' title='bbox 135 4411 221 4480; x_wconf 80' lang='lat' dir='ltr'><strong>ticas</strong></span> <span class='ocrx_word' id='word_1_366' title='bbox 241 4429 306 4479; x_wconf 93' lang='lat' dir='ltr'><strong>non</strong></span> <span class='ocrx_word' id='word_1_367' title='bbox 326 4410 375 4476; x_wconf 88' lang='lat' dir='ltr'><strong>ita</strong></span> <span class='ocrx_word' id='word_1_368' title='bbox 395 4405 525 4475; x_wconf 84' lang='lat' dir='ltr'><strong>multum</strong></span> <span class='ocrx_word' id='word_1_369' title='bbox 546 4409 637 4475; x_wconf 90' lang='lat' dir='ltr'><strong>initio</strong></span> <span class='ocrx_word' id='word_1_370' title='bbox 659 4407 869 4495; x_wconf 89' lang='lat' dir='ltr'><strong>discrepasse</strong></span> <span class='ocrx_word' id='word_1_371' title='bbox 890 4408 950 4474; x_wconf 89' lang='lat' dir='ltr'><strong>abs</strong></span> <span class='ocrx_word' id='word_1_372' title='bbox 970 4408 1120 4495; x_wconf 81' lang='lat' dir='ltr'><strong>genuinis</strong></span> <span class='ocrx_word' id='word_1_373' title='bbox 1141 4406 1222 4474; x_wconf 88' lang='lat' dir='ltr'><strong>suis.</strong></span> <span class='ocrx_word' id='word_1_374' title='bbox 1270 4405 1470 4474; x_wconf 87' lang='lat' dir='ltr'><strong>Diacriticae</strong></span> <span class='ocrx_word' id='word_1_375' title='bbox 1491 4409 1647 4477; x_wconf 89' lang='lat' dir='ltr'><strong>vnioersc</strong></span> <span class='ocrx_word' id='word_1_376' title='bbox 1667 4411 1775 4499; x_wconf 93' lang='lat' dir='ltr'><strong>paullo</strong></span> <span class='ocrx_word' id='word_1_377' title='bbox 1795 4413 1903 4482; x_wconf 90' lang='lat' dir='ltr'><strong>lenius</strong></span> 
     </span>
     <span class='ocr_line' id='line_1_32' title="bbox 138 4524 1903 4616; baseline 0.002 -22"><span class='ocrx_word' id='word_1_378' title='bbox 138 4525 289 4596; x_wconf 86' lang='lat' dir='ltr'><strong>sonuisse</strong></span> <span class='ocrx_word' id='word_1_379' title='bbox 311 4525 463 4594; x_wconf 87' lang='lat' dir='ltr'><strong>videntur</strong></span> <span class='ocrx_word' id='word_1_380' title='bbox 483 4525 650 4613; x_wconf 84' lang='lat' dir='ltr'><strong>genuinis,</strong></span> <span class='ocrx_word' id='word_1_381' title='bbox 679 4543 785 4611; x_wconf 91' lang='lat' dir='ltr'><strong>neque</strong></span> <span class='ocrx_word' id='word_1_382' title='bbox 813 4529 921 4592; x_wconf 90' lang='lat' dir='ltr'><strong>tamen</strong></span> <span class='ocrx_word' id='word_1_383' title='bbox 948 4526 1006 4614; x_wconf 87' lang='lat' dir='ltr'><strong>ilo,</strong></span> <span class='ocrx_word' id='word_1_384' title='bbox 1035 4531 1074 4592; x_wconf 92' lang='lat' dir='ltr'><strong>vt</strong></span> <span class='ocrx_word' id='word_1_385' title='bbox 1094 4524 1177 4592; x_wconf 91' lang='lat' dir='ltr'><strong>alius</strong></span> <span class='ocrx_word' id='word_1_386' title='bbox 1197 4525 1315 4591; x_wconf 90' lang='lat' dir='ltr'><strong>literae</strong></span> <span class='ocrx_word' id='word_1_387' title='bbox 1337 4524 1511 4610; x_wconf 89' lang='lat' dir='ltr'><strong>alphabeto</strong></span> <span class='ocrx_word' id='word_1_388' title='bbox 1533 4528 1683 4614; x_wconf 88' lang='lat' dir='ltr'><strong>propriae</strong></span> <span class='ocrx_word' id='word_1_389' title='bbox 1704 4537 1903 4616; x_wconf 87' lang='lat' dir='ltr'><strong>potestatem</strong></span> 
     </span>
     <span class='ocr_line' id='line_1_33' title="bbox 137 4625 1902 4729; baseline 0.003 -18"><span class='ocrx_word' id='word_1_390' title='bbox 137 4643 312 4711; x_wconf 87' lang='lat' dir='ltr'><strong>subissent.</strong></span> <span class='ocrx_word' id='word_1_391' title='bbox 346 4643 466 4729; x_wconf 85' lang='lat' dir='ltr'><strong>Itaqoe&#39;</strong></span> <span class='ocrx_word' id='word_1_392' title='bbox 484 4625 681 4728; x_wconf 86' lang='lat' dir='ltr'><strong>comparatio</strong></span> <span class='ocrx_word' id='word_1_393' title='bbox 702 4641 869 4729; x_wconf 85' lang='lat' dir='ltr'><strong>alphabeti</strong></span> <span class='ocrx_word' id='word_1_394' title='bbox 889 4642 1084 4729; x_wconf 88' lang='lat' dir='ltr'><strong>Neopersici</strong></span> <span class='ocrx_word' id='word_1_395' title='bbox 1105 4661 1175 4709; x_wconf 89' lang='lat' dir='ltr'><strong>com</strong></span> <span class='ocrx_word' id='word_1_396' title='bbox 1197 4640 1391 4708; x_wconf 83' lang='lat' dir='ltr'><strong>cuneolormi</strong></span> <span class='ocrx_word' id='word_1_397' title='bbox 1412 4642 1462 4709; x_wconf 87' lang='lat' dir='ltr'><strong>sic</strong></span> <span class='ocrx_word' id='word_1_398' title='bbox 1483 4662 1522 4711; x_wconf 87' lang='lat' dir='ltr'><strong>se</strong></span> <span class='ocrx_word' id='word_1_399' title='bbox 1543 4643 1652 4713; x_wconf 90' lang='lat' dir='ltr'><strong>habet.</strong></span> <span class='ocrx_word' id='word_1_400' title='bbox 1684 4647 1819 4716; x_wconf 86' lang='lat' dir='ltr'><strong>Literae</strong></span> <span class='ocrx_word' id='word_1_401' title='bbox 1840 4647 1902 4716; x_wconf 91' lang='lat' dir='ltr'><strong>ad·</strong></span> 
     </span>
     <span class='ocr_line' id='line_1_34' title="bbox 138 4757 1468 4847; baseline 0 -21"><span class='ocrx_word' id='word_1_402' title='bbox 138 4758 282 4846; x_wconf 89' lang='lat' dir='ltr'><strong>scriptae</strong></span> <span class='ocrx_word' id='word_1_403' title='bbox 302 4759 442 4826; x_wconf 81' lang='lat' dir='ltr'><strong>Latinae</strong></span> <span class='ocrx_word' id='word_1_404' title='bbox 463 4757 506 4826; x_wconf 93' lang='lat' dir='ltr'><strong>ad</strong></span> <span class='ocrx_word' id='word_1_405' title='bbox 527 4759 774 4828; x_wconf 85' lang='lat' dir='ltr'><strong>cuneolormium</strong></span> <span class='ocrx_word' id='word_1_406' title='bbox 793 4760 1092 4847; x_wconf 90' lang='lat' dir='ltr'><strong>pronunciationem</strong></span> <span class='ocrx_word' id='word_1_407' title='bbox 1114 4759 1282 4844; x_wconf 87' lang='lat' dir='ltr'><strong>vulgarem</strong></span> <span class='ocrx_word' id='word_1_408' title='bbox 1304 4764 1468 4845; x_wconf 87' lang='lat' dir='ltr'><strong>spectant.</strong></span> 
     </span>
    </p>
   </div>
   <div class='ocr_carea' id='block_1_16' title="bbox 139 4901 341 4918">
    <p class='ocr_par' dir='ltr' id='par_1_16' title="bbox 139 4901 341 4918">
     <span class='ocr_line' id='line_1_35' title="bbox 139 4901 341 4918; baseline 0 -2"><span class='ocrx_word' id='word_1_409' title='bbox 139 4901 341 4918; x_wconf 45' lang='grc' dir='ltr'><strong>Ἥ</strong></span> 
     </span>
    </p>
   </div>
   <div class='ocr_carea' id='block_1_17' title="bbox 269 4930 1721 5127">
    <p class='ocr_par' dir='ltr' id='par_1_17' title="bbox 269 4930 1721 5127">
     <span class='ocr_line' id='line_1_36' title="bbox 269 4930 1721 5127; baseline 0.004 -91"><span class='ocrx_word' id='word_1_410' title='bbox 269 4979 329 5056; x_wconf 69' lang='grc' dir='ltr'><strong>Δ6)</strong></span> <span class='ocrx_word' id='word_1_411' title='bbox 351 4981 428 5042; x_wconf 84' lang='lat' dir='ltr'><strong>Vide</strong></span> <span class='ocrx_word' id='word_1_412' title='bbox 449 4983 580 5044; x_wconf 81' lang='lat' dir='ltr'><strong>auctoris</strong></span> <span class='ocrx_word' id='word_1_413' title='bbox 602 4984 725 5046; x_wconf 81' lang='lat' dir='ltr'><strong>librum:</strong></span> <span class='ocrx_word' id='word_1_414' title='bbox 745 4987 791 5044; x_wconf 83' lang='lat' dir='ltr'><strong>lte</strong></span> <span class='ocrx_word' id='word_1_415' title='bbox 811 4985 895 5044; x_wconf 82' lang='lat' dir='ltr'><strong>sonis</strong></span> <span class='ocrx_word' id='word_1_416' title='bbox 916 4930 1067 5044; x_wconf 75' lang='lat' dir='ltr'><strong>literarum</strong></span> <span class='ocrx_word' id='word_1_417' title='bbox 1089 4985 1268 5044; x_wconf 73' lang='lat' dir='ltr'><strong>Graecarum</strong></span> <span class='ocrx_word' id='word_1_418' title='bbox 1291 4983 1373 5058; x_wconf 81' lang='lat' dir='ltr'><strong>Lips.</strong></span> <span class='ocrx_word' id='word_1_419' title='bbox 1396 4980 1487 5042; x_wconf 69' lang='lat' dir='ltr'><strong>istd.</strong></span> <span class='ocrx_word' id='word_1_420' title='bbox 1508 5001 1537 5058; x_wconf 91' lang='lat' dir='ltr'><strong>p.</strong></span> <span class='ocrx_word' id='word_1_421' title='bbox 1559 4981 1629 5127; x_wconf 62' lang='lat'><strong>238.</strong></span> <span class='ocrx_word' id='word_1_422' title='bbox 1651 4982 1721 5042; x_wconf 73' lang='lat'><strong>22⁴.</strong></span> 
     </span>
    </p>
   </div>
   <div class='ocr_carea' id='block_1_18' title="bbox 0 0 2393 6100">
    <p class='ocr_par' dir='ltr' id='par_1_18' title="bbox 0 0 2393 6100">
     <span class='ocr_line' id='line_1_37' title="bbox 0 0 2393 6100; baseline 0 0"><span class='ocrx_word' id='word_1_423' title='bbox 0 0 2393 6100; x_wconf 95' lang='lat' dir='ltr'><strong> </strong></span> 
     </span>
    </p>
   </div>
  </div>
 </body>
</html>
