4774 6104
901 585 1158 720 ,453-

291 849 424 920 uocum
450 835 572 940 post(
612 865 683 916 oum
712 830 764 934 (ξ
791 844 1006 916 combinatum
1033 845 1126 934 sequi
1148 845 1248 916 debet
1265 830 1291 930 <
1306 853 1379 912 oum
1400 855 1501 912 cuneo
1522 839 1674 929 primario
1699 842 1912 926 coniunctum,

136 962 318 1034 cuiusmodi
363 974 443 1035 sunt
482 967 600 1036 literae
643 951 742 1050 <t<
770 968 805 1033 et
830 948 939 1055 (El,
960 967 1021 1032 abs
1043 961 1068 1032 Ξ
1090 964 1134 1032 ad
1156 963 1181 1030 3
1203 966 1391 1052 pergentes

289 1068 479 1171 Postifil
511 1083 665 1173 ponendo
704 1089 759 1150 est
783 1063 886 1167 ‹ll›
914 1081 1018 1150 variis
1039 1081 1083 1150 de
1104 1081 1224 1149 consis.
1275 1079 1385 1146 l’rimo
1406 1076 1495 1144 enim
1515 1077 1784 1146 combinationem
1802 1065 1912 1164 (cum

134 1182 185 1286 ξ
212 1203 306 1290 sequi
326 1201 425 1270 debet
443 1186 487 1285 (l
514 1200 571 1272 vel
600 1184 660 1287 (Π
686 1199 815 1288 potius,
844 1199 993 1287 quoniam
1020 1182 1091 1268 lin
1110 1182 1202 1285 (ξῐ
1225 1191 1491 1286 progressionem
1511 1195 1571 1262 abc
1597 1194 1617 1261 l
1644 1195 1688 1263 cd
1710 1193 1735 1262 2
1757 1195 1912 1288 requirit3

132 1316 256 1386 deinde
276 1337 356 1386 vero
368 1336 491 1388 cuneus
504 1353 547 1388 μ
560 1319 733 1387 adiunctus
746 1317 870 1384 initium
882 1315 958 1383 noui
970 1312 1095 1381 indicat
1108 1313 1244 1396 ordinis,
1266 1312 1322 1399 qui
1342 1329 1426 1378 saue
1447 1315 1523 1398 post
1543 1294 1635 1398 <El
1653 1311 1776 1399 incipit.
1820 1312 1911 1383 idem

130 1451 255 1522 nempe
275 1435 476 1504 discriticum
501 1435 586 1505 inira
614 1433 803 1504 babebimus
830 1435 865 1501 in
894 1423 971 1518 ῙῙ»
999 1436 1035 1498 et
1060 1415 1179 1518 (ξ’
1188 1472 1197 1492 .
1247 1425 1311 1511 Qut
1331 1445 1391 1515 pro
1417 1409 1522 1511 <Π>
1551 1446 1674 1516 ponere
1699 1429 1849 1499 maluerit
1868 1417 1910 1515 <l

130 1559 213 1640 post
239 1535 349 1645 (Elq
369 1552 516 1640 prolecto
537 1538 554 1622 l
574 1553 609 1619 in
630 1535 723 1638 (ξῖ
744 1567 1021 1639 superuacaneum
1031 1546 1165 1616 babebit
1184 1551 1284 1636 atquc
1303 1531 1348 1630 <l
1368 1545 1428 1616 abs
1447 1527 1543 1629 «Π,
1590 1563 1676 1634 quae
1721 1545 1908 1618 arctissime

130 1668 327 1758 cohaerent,
346 1669 505 1738 doctiore
525 1669 666 1738 debebit
721 1667 785 1738 Sin
812 1687 873 1758 pro
893 1647 997 1749 (ll-
1025 1671 1202 1755 poneretur
1228 1646 1315 1748 «Π
1337 1669 1413 1751 post
1431 1645 1539 1748 (El,
1561 1665 1690 1731 careret
1716 1663 1910 1734 combinatio

128 1774 153 1872 <
179 1805 251 1854 cnm
271 1770 309 1880 lq
330 1791 429 1873 atquc
448 1768 576 1874 Ul»,
596 1783 682 1874 qnod
703 1803 764 1873 per
783 1782 986 1854 discritionm
1007 1801 1100 1850 suum
1122 1781 1245 1851 ordinis
1266 1779 1341 1848 noui
1361 1781 1488 1849 initium
1509 1778 1644 1870 iudicat,
1663 1779 1784 1850 fulsum
1803 1781 1908 1850 locum

131 1903 273 1972 subiret.
344 1901 460 1989 ltaque
485 1901 627 1971 dubitari
653 1904 775 1994 nequit,
795 1907 872 1992 post
891 1885 985 1986 (ξῖ
1006 1899 1128 1970 debere
1145 1883 1249 1985 (Π-
1271 1897 1435 1968 collocari.

286 2017 447 2106 Reliquae
467 2020 563 2088 buius
584 2019 705 2088 classis
726 2020 844 2089 literae
868 2003 923 2104 Π,
948 2002 1044 2104 «Π,
1068 2003 1140 2102 (Π,
1165 1999 1285 2103 (ξ’
1318 2015 1504 2085 moduine
1533 2013 1621 2082 inter
1647 2033 1687 2084 se
1716 2015 1907 2084 cobserent.

126 2134 274 2205 Videbis
296 2153 429 2203 cuneum
448 2123 473 2222 <
495 2135 671 2205 secuudum
691 2136 787 2223 leges
808 2137 1033 2224 praescriptus
1053 2143 1145 2206 recte
1167 2133 1326 2223 deinceps
1348 2131 1525 2204 combinari
1545 2151 1618 2200 cnm
1637 2118 1675 2217 Υ,
1699 2120 1737 2216 <a
1758 2116 1820 2211 Ξ,
1836 2145 1907 2216 >3

125 2259 167 2322 ct
188 2270 312 2320 cuneos
332 2253 549 2322 secundarios
569 2255 750 2342 procedere
771 2253 813 2322 ab
838 2254 857 2320 l
884 2253 928 2322 ad
949 2251 987 2340 Ξ,
1006 2259 1106 2342 atque
1125 2251 1168 2321 ab
1193 2250 1213 2319 1
1238 2249 1281 2318 ad
1299 2247 1335 2316 ³.
1399 2249 1583 2318 Praeterea
1602 2231 1720 2335 (ξ’
1756 2249 1905 2316 discriti-

125 2389 203 2438 cnm
220 2369 325 2438 babet
344 2389 406 2458 pro
427 2371 519 2438 initio
540 2373 617 2440 noni
638 2372 773 2439 ordinis.
818 2368 910 2453 Quas
932 2369 1062 2459 quidem
1083 2370 1124 2438 ob
1146 2385 1285 2436 csussas
1308 2372 1446 2455 quatuor
1475 2367 1538 2436 bae
1566 2365 1685 2434 literae
1711 2367 1908 2436 coniunctim

124 2485 246 2556 referri
267 2486 433 2557 debebant
452 2487 496 2557 ad
516 2494 666 2575 systema
687 2488 818 2557 tabulae
839 2491 976 2556 nostrae
996 2482 1184 2576 secundum,
1214 2486 1263 2553 its
1283 2483 1423 2572 quidem,
1443 2491 1483 2554 vt
1501 2468 1546 2568 Π
1565 2490 1601 2556 et
1619 2467 1714 2570 «Π,
1734 2503 1830 2573 quum
1850 2501 1912 2552 ar-

125 2606 217 2674 etius
237 2624 345 2676 nexas
367 2606 446 2693 sint,
466 2606 573 2676 eidem
594 2606 698 2676 ordini
719 2605 997 2674 adscriberentur.

282 2721 377 2804 Quod
405 2728 553 2810 quartum
578 2743 686 2810 genus
712 2725 844 2810 attinet,
864 2712 931 2808 ῙῙ-
953 2723 1058 2811 prima
1078 2726 1132 2790 est
1152 2722 1257 2792 litera.
1306 2718 1439 2790 Etenim
1463 2708 1531 2808 ῙῙ-
1544 2741 1678 2792 cuneum
1692 2721 1831 2811 instem,
1844 2741 1908 2810 quo

124 2839 257 2906 ordinis
278 2837 402 2904 initium
422 2839 577 2923 innuitur,
599 2839 699 2908 babet
718 2847 817 2930 atque
838 2840 978 2929 simplici
998 2859 1020 2909 a
1041 2858 1146 2909 cuneo
1167 2842 1281 2910 cuneis
1301 2840 1469 2929 proximae
1489 2840 1532 2910 ab
1554 2860 1596 2910 ea
1616 2841 1735 2912 classis
1755 2841 1907 2929 inposito

124 2955 258 3044 incipit.

283 3069 431 3141 Literam
451 3057 519 3160 ῆ-
540 3079 633 3143 recte
659 3073 807 3163 sequitur
824 3053 893 3163 ᾗ,
918 3071 995 3160 quia
1026 3053 1061 3144 Π
1089 3078 1189 3161 atquc
1215 3063 1267 3152 lli
1294 3067 1473 3142 cobserent
1492 3075 1542 3143 vti
1564 3074 1639 3145 liet
1654 3073 1690 3141 3.
1712 3073 1805 3142 Sane
1819 3067 1906 3140 hano

122 3189 172 3258 ob
188 3207 319 3258 causam
339 3167 389 3277 ἷῖῐ
416 3210 478 3278 pro
497 3175 646 3284 ‘qqsumi
666 3191 792 3283 possit3
812 3197 849 3258 at
869 3189 964 3277 signo
986 3189 1046 3276 1!-
1075 3196 1189 3257 auctor
1215 3187 1301 3257 baud
1330 3181 1427 3256 dubie
1453 3205 1589 3258 cuneum
1617 3192 1717 3259 etiam
1744 3185 1905 3279 duplicem

120 3311 174 3380 t
203 3307 339 3374 innuere
361 3304 473 3398 voluit,
494 3328 596 3398 quare
616 3309 711 3378 cunei
731 3307 876 3376 initiales
897 3324 1025 3395 quoqne
1045 3339 1088 3374 μ
1117 3311 1153 3374 et
1175 3306 1233 3392 'l'
1257 3304 1422 3374 numcrice
1442 3307 1594 3395 progredi
1615 3306 1777 3377 videntur.
1834 3309 1904 3378 Ce-

121 3432 235 3495 cemn
265 3403 313 3507 Π,
334 3424 376 3490 an
395 3397 432 3510 ἦ
453 3427 517 3494 stu
538 3426 699 3495 simillimo
720 3426 831 3496 ornent
851 3425 937 3494 nans
956 3430 1079 3514 potest.

282 3536 386 3621 Quum
414 3563 548 3612 cuneum
586 3528 603 3614 l
636 3547 793 3630 sequatur
815 3529 854 3628 <,
875 3542 961 3611 buno
982 3560 1063 3612 voro
1083 3523 1145 3612 ῧῖε
1177 3536 1283 3606 claret
1308 3542 1386 3626 post
1405 3515 1457 3633 'fl'
1479 3540 1556 3628 poni
1577 3535 1698 3612 debere
1716 3525 1780 3630 ἃ,
1817 3541 1904 3623 binc,

120 3657 303 3729 deficiente
332 3645 418 3748 «Ἴ,
437 3659 564 3726 literam
584 3637 636 3744 ῩῙ.

281 3773 442 3863 Reliquae
463 3775 628 3865 ulpbubeti
657 3775 874 3846 cuneoiormis
902 3770 1021 3846 literae
1040 3759 1086 3862 ll>
1112 3753 1158 3860 Π,
1184 3752 1229 3860 Π)
1256 3751 1319 3860 lli>
1337 3772 1469 3863 l⁰⁰di¹¹
1482 3773 1594 3843 ⁰⁰¹¹¹⁰⁵
1611 3774 1758 3864 incurrit,
1778 3775 1902 3844 mis·

117 3893 212 3962 sime
240 3889 326 3956 inter
355 3909 395 3958 se
421 3892 609 3984 cohaerent,
633 3893 681 3962 ita
708 3900 748 3964 vt
776 3897 872 3967 couci
901 3893 1046 3984 impositi
1072 3893 1253 3980 procedant
1279 3893 1330 3962 vti
1360 3890 1402 3982 1,
1428 3889 1474 3981 2,
1502 3888 1548 3980 ii,
1578 3890 1619 3986 ¹3
1646 3889 1799 3962 submissi
1820 3913 1901 3963 vero

116 4011 176 4084 vti
199 4007 239 4098 2,
262 4005 299 4076 3.

281 4121 435 4194 Ceterum
456 4144 519 4193 sex
539 4125 656 4196 literae
676 4127 822 4216 ultimae,
842 4147 938 4216 quum
963 4111 1016 4215 ἶ(
1035 4133 1112 4216 post
1131 4103 1303 4218 qbpostts
1324 4141 1440 4195 nonam
1461 4122 1731 4199 combinationem
1756 4129 1903 4219 incipiat,

115 4243 298 4332 literisque
320 4261 392 4310 cnm
411 4243 624 4331 sequentibus
645 4247 770 4315 arctius
790 4244 979 4334 eoban-est,
1000 4244 1138 4313 alterum
1158 4243 1202 4314 ad
1223 4249 1372 4331 systema
1392 4245 1509 4312 reiemi
1531 4246 1662 4315 debent.
1723 4245 1816 4332 Quod
1835 4247 1899 4315 iam

116 4362 279 4450 analogia
299 4358 433 4428 'sudet
499 4359 603 4445 onum
630 4363 717 4432 cuim
745 4370 816 4432 tres
843 4381 1017 4431 cuneorum
1042 4363 1232 4451 complexus
1258 4361 1383 4449 primae
1410 4364 1639 4452 secundaeque
1665 4364 1802 4456 classis,
1823 4365 1901 4433 binc

120 4485 266 4568 quatuor
286 4478 408 4546 classis
429 4479 549 4549 tertiae
569 4481 675 4550 altero
695 4483 729 4551 iu
751 4488 935 4570 systemate
956 4481 1031 4569 poni
1053 4481 1244 4567 debuerint3
1265 4499 1325 4567 par
1346 4485 1403 4548 est
1423 4479 1538 4548 codem
1559 4482 1686 4551 reterre
1698 4503 1761 4552 sex
1782 4483 1900 4552 literas

119 4599 264 4684 quartae
285 4597 417 4665 classis.
461 4596 555 4682 Quae
574 4600 695 4668 literae
722 4596 770 4667 lb
792 4599 896 4667 altero
917 4599 951 4667 in
972 4603 1158 4686 systemate
1184 4597 1366 4686 dispositae
1395 4598 1477 4667 mbo
1504 4617 1589 4668 saue
1608 4599 1704 4669 modo
1724 4601 1897 4689 imaginem

116 4712 224 4782 trium
244 4731 324 4800 pane
344 4732 384 4782 se
406 4714 512 4783 lerunt
532 4734 717 4794 cunconrm,
739 4733 872 4803 qnorum
892 4715 976 4784 ines
996 4735 1118 4786 versus
1139 4735 1275 4784 cuneum
1295 4713 1449 4784 maiorem
1470 4717 1608 4804 reliquis
1635 4717 1742 4785 literis
1768 4716 1898 4786 deline-

116 4837 217 4904 arun
238 4827 431 4918 diriguntur.
475 4829 629 4902 Ceterum
651 4831 734 4900 bucc
755 4832 818 4901 dno
839 4833 1006 4902 literarum
1027 4839 1210 4923 systemata
1233 4839 1323 4902 recte
1343 4832 1448 4902 diuisa
1470 4851 1559 4918 esse,
1581 4830 1680 4904 docet
1707 4834 1897 4902 consecutio

116 4965 301 5018 cuneorum
322 4965 344 5015 a
365 4947 474 5018 classe
495 4949 633 5038 quadam
655 4951 698 5020 nd
720 4951 907 5039 proximam.
959 4948 1019 5018 Sic
1040 4955 1117 5038 post
1136 4938 1240 5029 till
1259 4951 1354 5038 sequi
1374 4949 1475 5020 debet
1508 4935 1576 5040 «ἵ,
1604 4953 1678 5038 quia
1699 4969 1821 5019 cuneos
1846 4939 1897 5028 ῘΠ

116 5066 282 5153 excipere
310 5063 410 5135 debet
430 5053 466 5151 <.
509 5068 592 5136 item
614 5075 691 5156 post
715 5053 799 5154 «ὲ
830 5067 1015 5159 ponendum
1038 5049 1119 5158 ἷΠ,
1140 5067 1303 5157 quiapost
1321 5055 1391 5154 <t
1417 5067 1512 5153 sequi
1526 5065 1626 5137 debet
1648 5047 1716 5153 «Ι
1740 5085 1799 5154 pro
1839 5085 1897 5135 or·
