4774 6104
1251 475 1481 544 ..2.-

477 685 617 773 priorum
638 679 866 769 significantia.
909 680 1026 767 ltaque
1047 675 1223 744 cuondam
1245 671 1466 760 Plutarchum,
1486 665 1769 758 diligentissimum
1797 661 2004 754 antiquitatis
2031 668 2258 750 scrutatorem,

355 870 366 882 ,
477 801 582 872 ononis
603 801 840 888 Aegyptiorum
861 800 1031 866 literatura
1052 813 1134 864 vero
1156 793 1270 860 nititur
1293 789 1466 878 alphabeto
1488 784 1540 853 25
1564 787 1740 852 literarum.

631 915 669 988 3.
711 917 930 1004 Alphabetum
961 913 1203 1002 Aegyptiarum
1231 908 1405 996 continuit,
1433 906 1484 973 vti
1511 904 1682 990 Indicum,
1710 899 1735 968 7
1765 901 1902 970 vocales
1923 899 2100 985 habuitque
2121 897 2258 985 primam

476 1036 606 1104 literam
627 1035 773 1105 unctium
794 1053 829 1122 u,
848 1033 973 1121 pariter
994 1037 1094 1118 atquc
1117 1027 1327 1115 Graecorum,
1348 1025 1539 1091 Latinorum
1560 1021 1759 1107 aliorumque
1779 1019 1962 1108 alphabeta.
2005 1015 2144 1083 Diserte
2171 1015 2258 1084 enim

477 1151 672 1220 Plutarchus
694 1151 804 1239 tradit,
826 1152 960 1238 primam
981 1147 1221 1236 Aegyptiorum
1241 1146 1370 1211 literam
1391 1142 1495 1210 luisse
1515 1139 1665 1209 vocalem
1685 1137 1825 1223 imagine
1838 1137 1935 1205 ibidis
1954 1153 2158 1222 expressam.
2179 1134 2258 1201 vti-

478 1289 542 1356 que
568 1269 631 1334 ibis
659 1269 785 1336 literom
811 1288 834 1333 u
862 1267 1026 1354 significat
1051 1265 1278 1352 Aegyptiace,
1306 1262 1401 1328 verbi
1431 1258 1540 1347 gratia
1560 1258 1595 1324 in
1616 1255 1747 1323 nomine
1769 1255 1859 1340 regis
1887 1255 2000 1322 Amos.
2050 1253 2150 1320 Licet
2170 1251 2257 1320 idem

477 1406 538 1453 rex
559 1387 658 1453 etiam
680 1385 861 1454 Thnthmos
882 1404 903 1452 a
933 1383 1134 1451 llauethone
1156 1381 1351 1469 appelletur,
1372 1396 1435 1466 qua
1457 1377 1499 1445 dc
1521 1396 1622 1444 causa
1642 1374 1706 1440 ibis
1726 1372 1838 1441 itidem
1851 1373 1967 1441 literas
1990 1373 2050 1439 ΘΘ
2070 1370 2126 1439 vel
2143 1365 2257 1437 Titulle

478 1503 636 1596 valueritq
658 1506 751 1572 salua
772 1511 880 1572 tamen
902 1509 956 1570 est
976 1501 1146 1568 Plutarchi
1166 1498 1336 1566 sententia
1352 1496 1395 1564 de
1416 1496 1521 1583 prima
1541 1491 1709 1580 alphabeti
1729 1491 1930 1578 Aegyptiaci
1951 1491 2059 1580 litera,
2093 1489 2213 1578 quippe
2234 1509 2257 1555 o

477 1621 585 1688 vocali
593 1618 642 1710 ²).
685 1620 780 1704 Quod
802 1626 931 1708 septem
951 1621 1089 1688 vocales
1111 1617 1350 1705 Aegyptiorum
1372 1613 1504 1700 attinet,
1525 1610 1589 1678 hae
1610 1607 1744 1697 saepius
1765 1615 2057 1677 commemorantur
2084 1607 2171 1696 apud
2193 1627 2257 1676 ve-

479 1745 569 1806 teres
590 1746 689 1828 atqne
711 1745 838 1826 septem
860 1737 902 1804 ad
925 1737 1076 1824 planetas
1098 1737 1293 1822 reseruntur,
1314 1731 1405 1799 vnde
1426 1729 1666 1818 Aegyptiorum
1688 1727 1891 1794 consuetudo
1912 1733 2042 1814 septem
2058 1728 2191 1794 vocales
2214 1727 2258 1794 ad

478 1855 606 1923 modom
626 1855 812 1924 harmoniae
833 1854 1045 1942 sphaerarum
1058 1859 1186 1942 septem
1200 1848 1399 1918 decantandi
1407 1843 1453 1938 ³).
1488 1845 1598 1913 Etiam
1618 1845 1768 1912 Graecos
1789 1851 1920 1912 constat
1932 1845 2111 1932 antiquitus
2125 1851 2255 1932 septem

478 1972 614 2042 uocales
644 1974 677 2040 in
705 1993 768 2042 vsu
800 1973 964 2052 hahuisse,
985 1974 1130 2040 nimirum
1162 1993 1188 2036 u
1206 1969 1221 2036 a
1242 1991 1263 2048 η
1285 1991 1296 2032 ι
1319 1990 1337 2032 ο
1359 1989 1380 2030 υ
1401 1971 1500 2052 atque
1521 1961 1716 2049 Delphicum
1745 1987 1792 2043 ar;
1819 1962 1903 2051 qood
1926 1961 2067 2052 quidem,
2088 1984 2183 2051 quoru
2204 1961 2256 2029 di·

477 2098 569 2160 serte
591 2092 625 2158 in
645 2090 751 2158 literis
772 2089 939 2179 alphabeti
959 2096 1157 2174 numeretur,
1180 2085 1355 2173 alphabeto
1370 2081 1511 2170 Graeco,
1532 2082 1723 2169 nescioquo
1745 2087 1904 2170 tempore,
1925 2081 2093 2150 excidisse
2114 2080 2256 2169 violetur,

477 2209 585 2278 serius
606 2208 731 2276 duabus
751 2209 921 2277 vocalibus
942 2233 958 2275 c
979 2214 1014 2277 et
1036 2234 1048 2272 ι
1069 2202 1326 2292 exprimendum.
1354 2201 1441 2267 item
1462 2199 1613 2266 ludorum
1634 2199 1769 2266 vocales
1795 2198 1846 2266 14
1867 2203 2022 2267 coustant
2042 2206 2171 2287 septem
2192 2217 2254 2266 an-

477 2326 577 2416 tiquis
599 2326 796 2414 totidemque
810 2324 989 2394 diacriticis
1000 2323 1214 2412 antiquaram,
1228 2338 1313 2409 quae
1330 2319 1371 2386 ab
1392 2317 1458 2386 illis
1479 2335 1546 2385 non
1566 2317 1719 2386 differunt
1738 2318 1872 2386 multum
1893 2335 1999 2406 neque
2024 2317 2128 2386 forma
2148 2335 2254 2405 neque

477 2443 756 2532 pronunciatione.

631 2558 667 2627 3.
710 2559 930 2648 Alphabetom
950 2559 1192 2648 Aegyptiarum
1218 2553 1456 2644 antiquissimis
1484 2555 1682 2642 temporibus
1704 2575 1725 2624 a
1745 2555 1855 2625 diuino
1883 2555 2020 2645 quodam
2046 2553 2158 2624 Thoth
2179 2555 2250 2622 siue
2374 2653 2375 2660 ἵ

479 2678 598 2767 Taaut,
624 2677 748 2746 decimo
777 2683 935 2765 prognata
964 2676 1162 2764 Protogeni,
1196 2674 1360 2742 inuentum
1384 2679 1454 2763 est,
1485 2693 1564 2761 ergo
1593 2681 1705 2743 aetate
1732 2675 1851 2742 diluuii.
1909 2674 2142 2762 Peranliquum
2175 2693 2251 2742 esse

477 2795 714 2884 Aegyptiorum
734 2795 942 2883 alphabetum
962 2795 1056 2884 ipsae
1078 2795 1199 2862 docent
1218 2793 1462 2880 inscriptiones.
1505 2792 1641 2860 literae
1663 2793 1748 2861 enim
1770 2791 2047 2881 hieroglyphicae,
2068 2812 2150 2879 quas
2171 2791 2252 2859 Plu·
2374 2843 2375 2864 .

477 2913 610 2981 tarchns
631 2920 711 2981 ante
733 2914 845 2981 oculos
866 2913 988 3004 habuit,
1010 2913 1147 2981 eaedem
1169 2911 1384 2999 reperiuntur,
1405 2909 1435 2975 si
1455 2907 1688 2978 Manethoncm
1709 2915 1809 2998 atque
1830 2911 2070 2998 chronologiam
2098 2915 2251 2978 astrono-

477 3030 569 3098 micis
590 3028 720 3098 arrxiliis
741 3031 916 3100 stabilitam
938 3033 1101 3120 sequimur
1110 3026 1160 3121 ⁴),
1179 3029 1214 3096 ln
1234 3027 1450 3095 moucnnentis
1472 3046 1515 3094 ex
1536 3033 1648 3096 aetate
1661 3027 1778 3117 Masis,
1791 3029 1934 3116 Josephi
1953 3035 2052 3116 atque
2066 3027 2250 3096 Abrabaml.

478 3145 574 3214 Vnde
594 3153 742 3236 apparet,
762 3149 949 3238 Aegyptios
970 3150 1033 3217 iam
1056 3146 1092 3215 7.
1115 3154 1192 3237 post
1214 3143 1446 3232 Babylonicum
1467 3143 1708 3234 dispersionem
1733 3147 1864 3214 saeculo
1890 3146 2096 3233 alphabetum
2118 3167 2252 3214 souma

476 3264 653 3333 Plutarcho
674 3274 953 3336 commemoratum
973 3268 1008 3336 in
1030 3287 1091 3337 van
1112 3265 1277 3334 habuisse.
1319 3262 1414 3346 Quod
1436 3281 1513 3330 vero
1535 3263 1701 3331 literarum
1718 3264 1997 3352 Aegyptiacorum
2019 3265 2176 3352 originem
2197 3272 2253 3333 at·

477 3383 572 3470 tinet,
593 3401 707 3449 omnes
727 3384 761 3448 iu
784 3403 824 3450 eo
846 3386 1064 3471 consentiunt,
1085 3383 1207 3470 Thoth,
1230 3398 1334 3466 aquo
1357 3380 1479 3467 primus
1507 3381 1745 3468 Acgyptiorum
1771 3383 1897 3450 mensis
1918 3381 2028 3450 Thoot
2050 3401 2165 3451 nomeu
2193 3402 2251 3450 ac-

477 3501 576 3588 cepit,
596 3499 668 3566 siue
696 3497 944 3567 Phoeniciorum
972 3501 1097 3580 Paaut,
1119 3497 1327 3585 alphabetum
1347 3496 1525 3563 inuenisse.
1569 3499 1658 3564 'Phot
1678 3499 1765 3568 enim
1786 3518 1808 3565 a
1828 3499 1938 3567 Taant
1953 3473 2121 3568 diuersum
2149 3501 2251 3568 foisse

477 3633 572 3684 nemo
594 3613 762 3682 contendit
782 3621 897 3683 comba
917 3617 1078 3684 nominum
1100 3614 1331 3703 etymologiam
1352 3618 1452 3702 alque
1473 3613 1641 3684 historiam
1649 3611 1699 3706 ³).
1742 3617 1918 3686 Dubitatur
1938 3636 2038 3706 vero,
2059 3619 2133 3705 quis
2155 3621 2251 3688 luerit

479 3759 679 3776 ιιι-ι-ι-ι--ι

629 3851 668 3932 3)
690 3853 768 3914 Plnt.
789 3857 891 3931 Symp.
911 3859 966 3920 IX.
985 3855 1017 3921 P.
1037 3855 1140 3940 Ἑρμης
1162 3859 1273 3938 layrrut
1293 3863 1373 3918 daur
1393 3857 1423 3918 tr
1448 3855 1591 3939 Ar'yurrrqr
1612 3879 1768 3940 ypupprorru
1788 3881 1903 3942 aporos,-
1931 3857 2028 3942 abpara-
2071 3857 2126 3920 Διο
2146 3883 2194 3922 και
2215 3882 2248 3922 ro

477 3976 534 4018 ectr
553 3977 728 4038 ypuppurmr
752 3955 908 4035 Alyurrrror
934 3981 1049 4042 rrpuror
1074 3958 1141 4041 Ἰβιν
1168 3979 1333 4042 ypupooorr,
1361 3954 1403 4032 ric
1421 3955 1509 4040 ‘Eppp
1529 3980 1741 4040 orpoupaoucur.
1761 3955 1814 4022 οὐκ
1834 3956 1938 4043 duduc
1957 3982 2033 4024 κατα
2057 3982 2088 4042 pe
2109 3981 2160 4041 rpr
2179 3965 2248 4040 dppr

476 4053 571 4133 δοξαν,
591 4055 707 4134 deauco
727 4079 775 4118 arur
795 4053 938 4140 ἀφθογγῳ
958 4063 1111 4141 προεδριαν
1131 4063 1160 4122 ἐν
1180 4081 1345 4141 ypuppncrr
1366 4056 1531 4134 ἀποδοηες.

625 4173 664 4251 3)
685 4175 756 4234 Vld.
784 4177 890 4252 zoega
916 4179 961 4255 lie
990 4179 1118 4239 Obelisc.
1143 4195 1172 4252 p.
1197 4176 1270 4238 tac.
1322 4178 1479 4238 Jablouslri
1505 4181 1660 4240 Pantheon
1685 4181 1766 4257 Aeg.
1795 4183 1927 4255 p.1.v1.
1969 4181 2138 4242 Demetrius
2161 4179 2247 4240 Phal.

474 4267 521 4333 'Er
541 4270 691 4353 Alyumqr,
712 4277 818 4352 lnqnlt,
839 4279 870 4337 de
890 4298 939 4338 aar
959 4299 1026 4352 cour
1047 4285 1136 4350 duur
1155 4277 1278 4358 baracus
1299 4281 1347 4342 dan
1367 4300 1425 4341 rur
1445 4282 1518 4340 ἑπτα
1540 4301 1704 4360 pomanus
1725 4285 1754 4342 ci
1773 4284 1863 4360 harre,
1884 4277 1984 4362 ἐφεξης
2006 4279 2138 4362 ἤχουηες
2157 4275 2246 4340 muru·

475 4393 523 4432 aur
543 4369 607 4434 dm
628 4371 717 4436 udlou
737 4397 786 4436 aur
805 4372 870 4438 dno
889 4385 1017 4460 κιθαρας
1037 4401 1094 4442 rur
1114 4400 1289 4460 ypuppurmr
1310 4399 1419 4440 τουτων
1440 4377 1456 4442 ὁ
1479 4373 1548 4461 ἦχος
1568 4376 1703 4444 &acuam
1723 4377 1772 4443 ὑπ’
1793 4379 1943 4462 euporius.
1984 4385 2095 4441 naseu.
2122 4385 2170 4442 Pr.
2190 4385 2248 4442 Er.

474 4475 529 4535 XI.
552 4471 595 4531 6.:
613 4471 704 4536 ‘Eme
724 4497 760 4551 pa
781 4495 928 4554 perparum
948 4485 1021 4540 daur
1039 4502 1129 4560 μεγαν
1148 4476 1278 4558 oipdrror
1303 4483 1374 4540 adrat
1401 4502 1566 4561 ypuppuru,
1593 4503 1643 4544 ror
1670 4501 1786 4544 aanor
1811 4479 1961 4560 duapuror
1990 4503 2111 4560 nurrpc.
2162 4483 2248 4543 Conl.

476 4575 588 4634 (luleus
609 4575 647 4632 ad
670 4575 756 4634 ubst.
778 4593 806 4648 p.
828 4573 899 4634 333.
939 4579 1018 4637 Plnt.
1039 4579 1077 4636 de
1098 4579 1203 4654 llelph.
1224 4601 1256 4641 aa
1278 4597 1304 4656 p.
1327 4578 1399 4638 383.
1443 4581 1580 4640 clemens
1602 4583 1652 4641 Al.
1673 4586 1780 4641 strom.
1801 4585 1854 4642 vl.
1876 4579 1947 4641 684.

626 4688 664 4766 d)
686 4693 837 4764 Seyffarth
857 4696 996 4766 systema
1016 4699 1214 4755 astronomiae
1234 4700 1315 4775 Aeg.
1336 4699 1419 4772 hipra.
1435 4697 1528 4760 1833.
1546 4717 1574 4774 p.
1592 4697 1663 4757 343.
1684 4705 1789 4775 atquer
1811 4703 1911 4761 Unscr
1930 4699 2082 4774 Alphabet
2104 4698 2154 4759 clu
2173 4703 2244 4761 Ab·

473 4791 537 4854 blld
557 4791 611 4852 dea
631 4793 841 4853 'Phlorkreises
862 4797 917 4850 eet.
938 4794 1041 4868 Leipz.
1063 4795 1154 4855 tant.
1176 4816 1203 4870 p.
1224 4797 1275 4855 33.

624 4908 664 4987 b)
686 4913 818 4974 Creuzot
843 4911 999 4986 symbolik
1025 4913 1071 4972 ed.
1100 4913 1211 4975 livor.
1235 4919 1274 4980 11.
1300 4914 1350 4976 14.
1375 4909 1401 4978 1.
1427 4913 1499 4975 334.
1562 4920 1673 4978 naseu
1699 4919 1748 4978 Pr.
1773 4917 1830 4978 liu.
1850 4918 1875 4980 1.
1901 4915 1950 4977 1⁰.
1978 4915 2077 4996 phd.
2109 4919 2154 4978 ed.
2175 4923 2243 4980 bnt.
