4796 6106
1259 1057 1402 1164 Pars
1432 1051 1598 1244 W&

733 1371 816 1454 De
859 1365 1184 1475 clpbcbclo
1228 1363 1437 1452 lilerio
1488 1360 1731 1446 loadicia
1771 1357 2050 1444 subiecto.

922 1738 927 1742 .
956 1638 994 1717 s.
1022 1629 1060 1708 1.
1112 1581 1272 1706 Naum
1295 1630 1490 1708 Mamm
1514 1623 1841 1704 socraticarum

515 1749 808 1882 Quemadmodum
837 1797 1013 1886 alphabeto
1044 1795 1269 1886 Aegyptiace,
1297 1793 1528 1884 cuneolormia,
1554 1791 1736 1862 Zendicum
1763 1789 2033 1881 Pebluicomqneq
2060 1789 2108 1859 ila
2135 1789 2276 1861 lndicum

513 1937 642 2008 quoquc
669 1916 808 1984 babetur
833 1935 893 2001 pro
921 1915 1098 2005 singulari,
1124 1915 1258 2002 reliquis
1283 1930 1347 1980 non
1377 1918 1526 1997 cognato.
1576 1909 1713 1977 Multum
1734 1927 1814 1977 vero
1834 1909 1975 1977 interest
1995 1905 2093 1996 scire,
2113 1929 2191 1976 num
2212 1909 2277 1976 Indi

513 2037 629 2105 literas
650 2053 730 2102 suas
750 2033 881 2120 proprio
901 2031 1012 2100 Marte
1032 2033 1230 2115 inuenerint,
1250 2048 1294 2098 an
1315 2030 1446 2098 aliunde
1474 2028 1726 2115 arcessiuerint,
1751 2043 1794 2096 an
1820 2043 1901 2094 vcro
1928 2027 2142 2094 amarioribus
2164 2029 2276 2117 qnippe

513 2152 687 2221 Noacbitis
714 2151 913 2238 acceperint
975 2147 1159 2219 Praeterea
1188 2153 1336 2240 constat,
1362 2139 1505 2233 linguam
1525 2143 1789 2232 inscriptionibus
1821 2143 2077 2211 mneotornibus
2104 2145 2276 2214 subiectam

512 2269 650 2340 Indicae
676 2286 754 2336 esse
777 2266 985 2355 simillimam,
1010 2267 1137 2354 pariter
1163 2271 1263 2352 atquc
1292 2264 1461 2332 Zendlcae
1488 2267 1524 2331 et
1550 2262 1746 2348 Pebluioacq
1774 2279 1874 2349 quare
1894 2259 2103 2328 utilissimum
2122 2261 2216 2344 soret,
2237 2261 2276 2330 ad

514 2387 641 2473 scripta
661 2389 728 2450 tum
750 2383 966 2451 cuneolormia
987 2388 1053 2449 tum
1073 2381 1223 2450 zendica
1244 2388 1281 2449 et
1300 2380 1458 2448 Pebluicc
1483 2379 1610 2447 felicius
1637 2377 1884 2466 interpretenda
1903 2395 2015 2467 nosse,
2041 2379 2154 2466 quibus
2175 2378 2277 2447 literis

512 2501 639 2572 Indicis
659 2499 751 2568 initio
772 2499 1003 2587 responderint
1022 2499 1217 2590 Hebraicae,
1238 2498 1421 2587 Arabicae,
1447 2496 1635 2585 zendicae,
1656 2495 1842 2581 Pehloicae‚
1864 2494 2097 2585 cuneolormcs,
2118 2494 2276 2584 Graecae,

512 2617 655 2687 Latinae
676 2637 735 2704 pro
757 2615 871 2685 ordine
892 2615 1005 2683 harum
1025 2615 1193 2684 literarum
1216 2615 1419 2703 alphabetico
1441 2615 1593 2702 genuino.
1656 2614 1770 2701 ltaque
1790 2613 1966 2701 periculum
1986 2613 2142 2684 iaciamus
2167 2617 2279 2686 literas

513 2733 737 2806 Senseriticas
756 2733 929 2821 genuinum
950 2753 1043 2801 suum
1064 2733 1098 2800 in
1126 2733 1273 2801 ordinem
1298 2732 1537 2819 alphabeticum
1565 2729 1754 2821 redigendi,
1773 2718 1830 2798 via
1851 2729 1979 2818 quidem
2000 2731 2278 2824 palaeographioa

512 2851 615 2920 Patet
639 2849 736 2938 enim,
757 2869 777 2918 e
798 2851 1067 2940 pronunciatione
1078 2850 1245 2919 literarum
1265 2848 1447 2918 Indicarum
1469 2847 1626 2917 hodierna
1647 2848 1775 2935 quidem
1795 2848 1867 2916 sola
1887 2868 1998 2936 pamm
2018 2850 2150 2936 probari
2171 2872 2280 2944 posse,

514 2974 628 3038 certas
648 2967 806 3055 quasdem
825 2967 942 3036 literas
962 2968 1063 3035 certis
1085 2968 1171 3055 apud
1183 2966 1319 3058 Persas,
1341 2964 1500 3049 Graecos,
1519 2964 1659 3032 Lubnos
1679 2964 1825 3053 aliosque
1842 2965 1950 3034 literis
1964 2985 2043 3035 vere
2058 2967 2279 3053 respondisse.

510 3085 607 3156 Nihil
630 3083 787 3173 fragilius,
807 3102 902 3172 quam
922 3085 1063 3172 genuina
1083 3086 1201 3153 literae
1221 3084 1388 3154 cuiusdam
1409 3083 1646 3173 pronunciatio,
1666 3101 1750 3171 quac
1770 3101 1829 3169 pro
1850 3084 1940 3152 vitae
1960 3083 2173 3152 mutabilitate
2194 3103 2281 3152 eon·
2383 3075 2384 3080 ’

513 3202 589 3272 dem
610 3201 698 3291 apud
718 3207 850 3288 gentem
871 3202 983 3270 mirum
1003 3203 1038 3270 in
1058 3201 1185 3271 modum
1212 3203 1335 3271 variari
1362 3202 1467 3292 solet,
1494 3201 1545 3270 vti
1565 3199 1659 3268 solae
1685 3200 1804 3268 literae
1830 3207 1846 3265 2
1870 3229 1915 3261 =
1939 3224 2024 3286 y=
2045 3247 2083 3332 Ε
2102 3219 2156 3253 =
2183 3216 2208 3290 p
2231 3219 2281 3253 =

512 3339 545 3408 c,
567 3320 713 3408 quamuis
734 3317 881 3386 eiusdem
903 3321 1037 3406 originis
1059 3321 1138 3412 sint,
1158 3320 1392 3388 setis-docent·
1742 3319 1745 3326 '

665 3435 775 3501 Primo
797 3434 924 3521 quidem
945 3434 1018 3520 quis
1039 3453 1104 3500 non
1125 3435 1313 3519 coniecerit,
1333 3436 1450 3503 literas
1470 3433 1603 3504 ludices
1623 3453 1695 3502 cum
1715 3423 1862 3503 Persicis
1882 3435 2036 3528 antiquis,
2055 3435 2174 3524 qnippe
2190 3437 2280 3505 Zen-

513 3548 786 3636 dico-Pebluicis‚
806 3549 883 3614 binc
904 3565 975 3613 cum
997 3547 1375 3631 Neopersico-Arabicis
1396 3543 1602 3618 oobaererel
1641 3548 1736 3618 India
1757 3553 1842 3619 enim
1872 3560 1907 3620 et
1928 3552 2048 3622 Persia
2068 3559 2145 3621 sunt
2173 3561 2282 3622 terrac

515 3665 580 3732 sibi
601 3663 835 3752 vicinissimae,
855 3682 940 3751 quac
959 3662 1138 3748 antiquitas
1159 3681 1259 3730 unam
1278 3665 1350 3732 fere
1370 3663 1573 3752 eandemque
1593 3667 1758 3733 nationem
1778 3666 2014 3735 continuerunt
2065 3663 2180 3752 optut
2200 3669 2283 3760 quod

513 3788 655 3869 vbaqne
681 3780 792 3867 lingua
819 3785 928 3848 scatet
954 3780 1125 3848 vocabulis
1153 3780 1329 3870 lormisque
1353 3781 1574 3870 grammaticis
1602 3785 1732 3870 utrique
1761 3784 1854 3869 genti
1883 3787 2114 3878 communibus,
2134 3789 2283 3878 quodque

513 3899 632 3968 mediis
658 3902 694 3966 in
715 3899 866 3966 versibus
894 3897 1054 3966 zendicis
1081 3899 1287 3987 reperiuntur
1316 3899 1381 3969 loci
1407 3898 1519 3968 indice
1548 3901 1672 3990 scripti.
1708 3901 1853 3991 *ltaque
1879 3904 2045 3999 nouimus,
2066 3925 2129 3996 quo
2149 3910 2286 3995 primum

513 4037 578 4090 nos
599 4023 825 4088 concertamus
846 4015 964 4085 bacin
985 4015 1222 4104 disquisitione.
1266 4019 1337 4086 Iam
1358 4017 1492 4106 propius
1511 4015 1556 4085 ad
1577 4037 1656 4085 rem.

666 4136 876 4208 Grammatici
895 4134 1049 4203 Indorum
1070 4141 1205 4204 veteres
1232 4155 1338 4224 ecque
1366 4141 1466 4224 atque
1486 4137 1690 4206 recentiores
1710 4136 1745 4205 in
1766 4157 1808 4209 eo
1829 4134 2290 4228 consentiunt,·alplrabetnm

514 4250 750 4322 Senseriticum
771 4258 924 4323 constare
943 4247 999 4319 48
1020 4251 1138 4341 literis,
1158 4251 1285 4320 scilicet
1310 4251 1362 4322 14
1374 4255 1544 4323 vocalibus
1557 4261 1657 4344 atque
1679 4252 1734 4322 ³4
1743 4259 1910 4328 consonis.
1944 4259 2013 4325 Iam
2032 4256 2135 4340 pelet,
2155 4251 2289 4330 huncce

514 4386 679 4438 numerum
700 4367 755 4436 48
776 4391 841 4439 non
862 4387 942 4438 esse
963 4369 1140 4456 fortuitum,
1159 4371 1223 4436 imo
1244 4371 1387 4438 secretis
1414 4371 1607 4459 quibusdam
1632 4373 1726 4440 inniti
1753 4375 1941 4444 rationibus.
2006 4369 2288 4445 Quemadmodum

514 4479 568 4550 25
596 4484 713 4552 literae
733 4486 914 4574 genuinae,
934 4485 1038 4554 veluti
1060 4486 1249 4572 Aegyptiae
1269 4485 1530 4576 Semitieaeque,
1551 4495 1591 4556 vt
1611 4489 1879 4557 Sancbunietbon
1900 4507 1971 4553 cum
1992 4489 2120 4555 Beroso
2141 4488 2286 4580 aliisque

514 4599 733 4690 tradiderunt,
755 4602 979 4687 pertinuerunt
998 4602 1090 4669 initio
1111 4601 1154 4670 ad
1174 4602 1313 4672 Zodiaci
1344 4601 1398 4672 at
1425 4609 1613 4696 segmentaq
1643 4605 1691 4672 ita
1718 4607 1833 4672 literae
1855 4601 1907 4668 36
1929 4604 2032 4673 veluti
2053 4607 2283 4679 cuneolormes

514 4715 715 4804 respondent
737 4714 791 4782 36
813 4715 951 4785 zodiaci
971 4719 1163 4809 segmentis,
1182 4726 1280 4810 atquc
1300 4719 1356 4788 48
1378 4721 1485 4788 eidem
1514 4721 1661 4790 zodiaco
1689 4723 1722 4790 in
1747 4717 1804 4788 48
1833 4726 1948 4807 partes
1970 4722 2089 4807 diuiso,
2111 4727 2282 4812 quaternis

395 4895 400 4902 .
514 4834 621 4902 literis
642 4851 741 4901 vnum
761 4831 804 4900 ad
826 4831 959 4918 Signum
980 4834 1106 4903 relatis.
1150 4837 1233 4908 lltot
1253 4839 1310 4930 sit,
1326 4843 1534 4908 numerantur
1554 4838 1687 4927 primum
1711 4837 1763 4904 14
1783 4837 1918 4906 vooeles
1938 4839 2174 4933 smscriticae,
2196 4861 2281 4932 quae

514 4950 659 5020 nituntur
681 4948 706 5019 7
726 4950 888 5041 genuinis,
908 4950 1027 5040 quippe
1047 4951 1132 5022 bae:
