4814 6104
703 1331 1307 1465 PRAhoArlo.

271 1804 482 1902 Quamquam
511 1801 714 1904 opuseulum
738 1801 819 1895 hoc,
849 1827 951 1902 quum
976 1803 1128 1902 antiquis
1152 1801 1200 1880 de
1223 1801 1336 1878 literis
1360 1806 1446 1899 agat
1463 1800 1684 1902 praesertim,
1711 1798 1821 1875 solam
1845 1798 1892 1872 ad

114 1951 426 2054 palaeographiam
460 1960 624 2054 spectare
655 1952 836 2053 videatur3
870 1977 1052 2056 speramus
1090 1952 1404 2048 aneatorum
1433 1950 1524 2028 aliae
1564 1974 1701 2051 quoque
1731 1950 1893 2053 discipli-

113 2127 195 2195 nae,
222 2103 382 2196 historia,
408 2102 649 2202 chronologia,
673 2103 854 2180 literatum
877 2104 1119 2206 Aegyptiace,
1145 2104 1391 2202 cuueoformis‚
1417 2100 1591 2195 Zendica
1625 2100 1808 2195 Pchluica,
1833 2110 1893 2177 lu-

115 2251 209 2346 dica,
235 2252 394 2329 utilitatis
419 2254 503 2353 quid
528 2253 667 2355 capiant
691 2255 749 2330 his
774 2278 824 2331 ex
847 2256 1154 2334 lucubrationibus.
1206 2254 1358 2330 Primum
1383 2253 1476 2330 euim
1507 2252 1661 2329 numeris
1685 2253 1891 2354 Aegyptia·

114 2402 169 2477 cis
197 2405 382 2497 euincitur,
405 2403 615 2506 Aegyptios
640 2407 684 2481 ab
708 2405 962 2506 antiquissimis
985 2403 1069 2483 iude
1093 2406 1305 2508 temporibus
1330 2426 1453 2480 verum
1477 2403 1646 2480 habuisse
1673 2401 1892 2504 alphabetum

110 2555 269 2629 numeris
293 2555 445 2654 insitum,
460 2555 553 2653 quod
565 2555 744 2635 Hebraico
765 2555 986 2658 reliquisque
996 2557 1160 2656 genuinis
1174 2558 1279 2659 plane
1295 2553 1490 2658 respoudit.
1540 2554 1604 2630 llix
1629 2578 1697 2654 quo
1723 2551 1890 2652 sequitur,

108 2702 335 2802 alphabetum
360 2714 528 2807 nostrum,
555 2730 657 2805 quum
681 2707 717 2781 in
742 2707 973 2784 monumentis
987 2718 1102 2786 aetate
1125 2706 1292 2810 Josephi,
1318 2705 1399 2804 quin
1419 2705 1625 2798 Abrahami‚
1650 2705 1718 2780 iam
1744 2702 1893 2806 septimo

107 2860 198 2950 post
233 2850 489 2950 dispersionem
525 2856 778 2955 Babylonicum
816 2858 962 2935 saeculo
1001 2859 1145 2960 scriptis
1181 2859 1384 2960 reperiatur,
1409 2859 1586 2934 inuentum
1617 2854 1743 2948 luisse,
1777 2877 1891 2952 neque

108 3007 196 3099 post
224 2999 369 3089 Mosen,
395 3023 509 3099 neque
535 3001 662 3080 caum
686 3005 781 3078 illius
794 3015 877 3082 natu
890 3006 1034 3082 minoris
1044 3016 1211 3108 tempore.
1263 3007 1466 3084 Hinc-falsa
1478 3007 1595 3108 opinio
1610 3014 1682 3099 est,
1695 3003 1891 3106 alphabeti-

110 3171 191 3226 cum
213 3148 434 3250 scriptuarum,
467 3176 568 3248 quam
600 3159 744 3230 veteres
769 3155 838 3256 ipsi
879 3155 1020 3232 Taauto
1058 3180 1108 3232 ex
1139 3155 1272 3230 diluuio
1311 3157 1482 3232 communi
1514 3165 1656 3232 seruato
1687 3156 1890 3245 tribuerunt,

109 3299 223 3373 multa
247 3307 330 3398 post
354 3298 497 3374 saccula
521 3301 745 3403 prodiissee
778 3305 962 3403 syllabica,
995 3305 1200 3404 syllabicam
1234 3330 1323 3381 vero
1354 3307 1460 3381 multo
1492 3277 1609 3380 serius
1641 3328 1663 3380 e
1695 3302 1891 3404 symbolica

109 3449 280 3546 genuina,
314 3451 392 3526 siue
424 3450 702 3553 hieroglyphice.
755 3453 873 3544 Quare
906 3453 1200 3554 hieroglyphicas
1239 3454 1507 3556 Aegyptiorum
1539 3453 1789 3554 inscriptiones
1818 3477 1898 3552 non·

110 3599 397 3698 debentneque
429 3601 579 3694 omuino,
612 3624 726 3699 neque
753 3602 935 3677 mammam
973 3609 1106 3703 partem
1138 3602 1356 3704 symbolicae
1387 3604 1511 3704 putari.
1564 3602 1654 3679 lude
1677 3611 1786 3705 patet,
1813 3603 1889 3676 sul-

108 3749 280 3847 fragante
322 3750 549 3851 inscriptione
582 3751 789 3845 Msettana,
820 3752 948 3828 fumum
978 3751 1147 3844 rendere,
1179 3752 1248 3850 qui,
1278 3760 1417 3854 praeter
1447 3753 1670 3856 panmsmma,
1703 3753 1890 3852 hierogly-

108 3899 233 4000 pbicis
273 3900 425 3998 siugulis
457 3903 630 3977 vocabula
659 3902 800 4000 integra
829 3901 1007 3983 intrabant
1040 3901 1246 4000 symbolice.
1308 3901 1474 3980 Ceterum
1503 3903 1646 4006 primum
1678 3904 1749 3981 hoc
1780 3902 1888 3980 libelli

107 4059 218 4150 caput
244 4049 390 4124 exhibet
416 4050 527 4150 sigua
544 4051 723 4128 numerica
745 4052 1008 4154 Acgyptiorum
1031 4050 1108 4125 fere
1134 4052 1259 4144 omnia,
1290 4051 1584 4154 hieroglyphicis,
1615 4054 1797 4130 hieraticis
1823 4052 1889 4128 ‹le-

108 4202 324 4299 moticisque
353 4173 638 4301 inscriptionibus
669 4202 820 4277 maxime
852 4201 964 4275 variis
994 4210 1181 4302 excerpta3
1213 4203 1337 4304 partim
1366 4227 1467 4298 noua,
1500 4203 1623 4305 partim
1655 4203 1786 4279 rectius
1819 4227 1887 4281 ex·

108 4356 242 4454 plicata
267 4352 449 4448 literisque
474 4361 684 4453 comparata.
734 4350 837 4440 Quod
862 4351 985 4427 atbnet
1007 4350 1250 4428 cuneoformcs
1267 4354 1466 4447 Persarum,
1491 4352 1681 4430 Medorum
1705 4354 1886 4455 Assyrio-

108 4499 257 4598 rumque
290 4503 492 4603 scripuras,
519 4503 576 4578 bis
607 4523 743 4599 quoque
773 4501 992 4605 alphabetum
1024 4499 1256 4580 Chaldaicum
1286 4505 1461 4605 antiquum
1492 4505 1643 4582 subesse
1667 4505 1887 4582 demonstra-

105 4663 181 4726 tur.
234 4650 322 4727 Cum
348 4654 438 4734 euim
462 4653 587 4732 librae
611 4652 799 4739 Persarum
823 4663 992 4729 ormeatae
1038 4653 1302 4731 combinatoriis
1333 4676 1382 4733 ex
1413 4655 1552 4754 legibus
1584 4656 1709 4730 imum
1741 4656 1777 4730 iu
1804 4653 1887 4730 ord-

106 4827 194 4880 uem
230 4800 450 4899 rediguntur3
475 4803 594 4881 euenit
623 4802 740 4880 series
771 4803 948 4882 literarum
986 4805 1201 4882 conueniens
1238 4829 1317 4882 oum
1347 4807 1443 4885 serie
1468 4807 1644 4884 literarum
1668 4804 1886 4887 Chaldaica-

106 4979 191 5030 rum
224 4951 303 5026 sino
336 4954 631 5055 Neopersicaruua
657 4954 784 5054 potius.
844 4954 939 5032 Hinc
972 4978 1154 5058 perperam
1187 4957 1424 5052 coniecerunt,
1449 4959 1705 5038 cuneolormeru
1732 4953 1967 5136 scriptum·
