4774 6104
1247 603 1498 680 ..ru-a

491 805 635 897 Thouth,
656 803 801 895 Thoyth,
821 803 933 873 'lhotb
955 803 1156 894 Aegyptius,
1184 803 1342 884 Hermes,
1372 803 1574 894 mercurius,
1603 802 1723 894 Apollo
1750 801 1880 893 quidam
1905 801 2032 872 diuinus
2054 802 2254 889 alphabetum

490 924 726 1012 antiquissimis
752 923 949 1011 temporibus
975 921 1149 990 inuenerit.
1199 920 1271 1005 Qua
1303 922 1345 990 de
1373 942 1430 1005 rc,
1457 943 1551 1010 quum
1580 921 1635 991 illc
1669 923 1776 990 Tuant
1812 921 1986 991 undecima
2017 939 2039 989 a
2072 919 2254 1008 Protogeno

491 1036 662 1135 (adamo)
682 1041 870 1130 progenies,
890 1039 1065 1126 diluuiiquc
1092 1041 1238 1126 aequalis
1269 1039 1373 1107 luisse
1393 1047 1553 1129 narretur,
1569 1041 1690 1108 clarum
1711 1046 1777 1131 est,
1803 1045 1939 1107 vetares
1966 1041 2057 1126 ipsos
2080 1037 2252 1107 Noachidis

491 1158 645 1226 tribuisse
665 1157 830 1224 literarum
851 1157 1018 1244 originem.
1062 1153 1157 1238 Quod
1184 1163 1392 1224 monumenta
1419 1157 1586 1246 Aegyptia
1613 1158 1751 1244 egregie
1778 1159 1918 1246 probare
1951 1157 2114 1225 videntur.
2166 1152 2256 1222 llaec

491 1277 578 1344 enim
598 1273 696 1342 multo
717 1275 900 1362 antiquiora
920 1279 997 1342 sunt
1018 1269 1152 1361 Cadmo,
1169 1292 1263 1361 quem
1283 1274 1448 1362 alphabeti
1469 1279 1634 1343 auctorem
1645 1273 1834 1342 habuerunt
1848 1271 1979 1341 Deinde
1990 1272 2131 1354 vidimus
2144 1271 2256 1358 Aegy-

492 1392 580 1482 ptios
592 1411 655 1459 non
669 1390 846 1474 symbolice
859 1391 1047 1481 scripsisse,
1064 1390 1125 1458 sed
1138 1391 1200 1458 iam
1217 1391 1330 1478 paucis
1344 1395 1420 1478 post
1436 1390 1670 1479 Babylonicum
1689 1390 1926 1478 dispersionem
1947 1390 2090 1458 sacculis
2108 1389 2258 1456 habuisse

491 1507 697 1598 alphabetum
720 1527 844 1598 verum,
864 1511 983 1598 quippe
1004 1509 1147 1575 numeris
1168 1515 1414 1598 conseruatum3
1435 1507 1521 1598 quod
1538 1525 1670 1576 numero
1685 1507 1861 1597 literarum,
1879 1507 1992 1575 ordine
2004 1506 2258 1595 consonantium,

490 1626 742 1696 intercalatione
769 1627 947 1716 vocalium,
974 1626 1135 1693 diuisione
1166 1627 1200 1693 iu
1228 1632 1357 1713 reptem
1382 1625 1537 1715 classes,
1551 1626 1725 1712 imaginum
1747 1624 1875 1692 delectu
1897 1624 2133 1713 mythologico‘,
2155 1613 2257 1711 quid‘t

351 1813 355 1818 ,
492 1743 578 1832 quod
599 1743 713 1812 formis
733 1743 897 1812 literarum
918 1744 1108 1811 conuenerit
1128 1761 1200 1810 cum
1220 1742 1395 1831 alphabeto
1414 1741 1674 1831 Phoeniciorum,
1697 1741 1912 1830 Graecorum,
1939 1743 2139 1832 batinorum,
2161 1739 2259 1811 Chal·

492 1861 658 1950 dacorum,
677 1857 847 1948 Syrorum,
866 1857 1154 1951 Samaritanorum,
1175 1859 1321 1928 Arabum
1341 1860 1551 1948 aliorumque.
1594 1857 1707 1951 Quod,
1738 1881 1833 1947 quum
1855 1862 1940 1929 forte
1962 1859 2090 1928 iortuna
2111 1858 2258 1928 accidere

492 1996 557 2045 non
577 1978 731 2067 potuerit,
750 1995 833 2045 sane
853 1978 982 2067 prohat,
1002 1978 1139 2046 omnium
1158 1978 1301 2065 gentium
1321 1977 1496 2066 alphabeta
1516 1978 1673 2046 commoni
1695 1996 1738 2056 ex
1759 1977 1852 2045 fonto
1871 1977 2045 2067 prodiisse.
2066 1977 2142 2044 Hac
2163 1995 2255 2044 acce-

492 2093 554 2182 dit,
580 2094 665 2182 quod
679 2094 896 2183 alphabetum
917 2091 1124 2166 Chaldaicum
1144 2095 1320 2186 antiquum,
1339 2095 1391 2162 vti
1410 2113 1514 2186 nuper
1533 2103 1632 2162 sexta
1652 2095 1747 2162 huius
1769 2095 1880 2183 operis
1895 2094 1934 2210 ‘qr
1948 2094 2105 2182 particula
2125 2093 2257 2162 demon·

492 2217 602 2279 strare
621 2211 813 2302 studuimus,
833 2212 1002 2282 continere
1027 2213 1160 2282 videtur
1186 2213 1467 2282 constellationem
1503 2211 1674 2302 quandam,
1704 2229 1789 2300 quac
1816 2231 1882 2280 non
1903 2211 1968 2279 uisi
1988 2229 2076 2280 anno
2103 2207 2211 2279 atto
2230 2231 2258 2280 a.

493 2325 554 2397 Ch.
576 2328 638 2396 sub
659 2329 756 2397 finem
777 2329 887 2398 diluuii
907 2330 1059 2399 accidere
1081 2330 1333 2418 consigruarique
1353 2329 1505 2418 potuerit.

645 2443 738 2514 Sane
757 2445 842 2514 haec
861 2464 919 2514 res
939 2447 1123 2533 grauissimi
1143 2445 1297 2516 momenti
1318 2453 1387 2534 cst,
1408 2465 1472 2535 qua
1492 2446 1536 2515 de
1556 2465 1594 2515 re
1616 2465 1682 2516 non
1706 2465 1983 2534 superuacaneum
2000 2445 2140 2536 ridetur,
2158 2465 2255 2534 quae·
2367 2486 2370 2495 ·

493 2579 570 2630 rere
591 2567 698 2631 utrum
718 2565 834 2652 reliqui
854 2581 982 2653 quoquc
1003 2565 1112 2652 populi
1132 2569 1266 2652 praeter
1285 2561 1443 2653 Semitas,
1465 2563 1623 2653 Graecos,
1645 2563 1796 2653 Latinos,
1814 2563 1999 2650 Aegyptios
2015 2563 2163 2650 aliosque
2175 2563 2258 2658 idem

494 2677 700 2767 alphabetum
722 2681 895 2749 habuerint
915 2699 978 2748 nec
998 2700 1051 2749 na·
1092 2679 1226 2749 Etenim
1247 2687 1314 2750 tum
1334 2681 1462 2749 demum
1483 2681 1586 2749 cuiuis
1606 2681 1705 2749 tacite
1733 2680 1992 2769 persuadebitur,
2022 2679 2186 2748 scribendi
2204 2699 2257 2748 ar·-

494 2800 562 2863 tem
582 2797 685 2865 semel
707 2803 831 2866 tantum
850 2796 1016 2866 inuentam
1037 2817 1125 2889 csse,
1147 2799 1266 2888 quippe
1284 2817 1308 2868 a
1327 2799 1459 2887 proauis
1481 2799 1621 2866 omnium
1642 2799 1808 2866 nationum
1829 2798 2065 2876 communibus3
2082 2817 2178 2886 quum
2198 2796 2255 2866 de-

493 2919 707 2985 monstratum
733 2913 847 3003 merit,
867 2922 980 2983 nostro
1002 2933 1074 2983 cum
1101 2915 1275 3004 alphabeto
1298 2917 1489 2984 consentire
1510 2917 1647 2984 omnium
1668 2916 1857 3004 populorum
1883 2914 1938 2983 vel
1966 2914 2189 3002 plerorumque
2209 2914 2259 2982 ui·
2371 2909 2372 2912 ’

494 3027 646 3115 phabeta
689 3029 848 3119 Apprime
868 3031 930 3100 huc
950 3037 1105 3118 spectant
1126 3032 1314 3121 alphabeta:
1334 3032 1511 3102 Persarum
1531 3039 1681 3102 veterum
1701 3033 1917 3121 cuneoforme,
1937 3030 2141 3121 Pehluicum,
2160 3032 2256 3098 Zen-

494 3145 618 3238 dicumq
638 3148 717 3216 item
739 3147 963 3238 Assyriorum,
982 3147 1161 3240 bladorum,
1181 3150 1495 3240 Babyloniorumque
1524 3151 1760 3240 cuneolormiaq
1786 3169 1849 3218 aec
1877 3167 1942 3216 non
1971 3146 2093 3239 ludica,
2120 3148 2260 3217 maxime

492 3259 737 3334 Senseriticum.
781 3264 874 3350 Quae
894 3263 1068 3353 alphabeta
1087 3285 1108 3334 a
1128 3269 1296 3336 sententia
1316 3267 1442 3355 uulgari
1463 3267 1542 3337 nihil
1564 3275 1714 3356 putantur
1728 3266 1851 3334 hahere
1864 3284 2030 3335 commune
2052 3286 2123 3334 cum
2143 3267 2257 3354 alpha·
2313 3275 2318 3282 '

495 3380 581 3448 betis
602 3379 797 3449 Semiturum
818 3389 917 3470 utque
937 3381 1192 3468 hieroglyphicis
1213 3384 1466 3473 Acgyptiorumq
1487 3385 1550 3454 imo
1571 3404 1631 3473 pro
1660 3384 1811 3475 genuinis
1837 3381 2002 3454 scribendi
2022 3384 2217 3471 rubonibus,
2239 3403 2258 3452 e

495 3494 674 3580 symbolica
696 3495 833 3582 quadam
853 3497 1016 3583 scriptura
1038 3496 1183 3566 oriundis
1203 3497 1399 3568 venduntur.
