4796 6106
2237 485 2243 494 ι

1234 571 1510 651 ..100-

493 799 626 852 menses
646 781 769 850 durana
791 777 914 870 cessit,
936 779 997 846 boc
1017 773 1318 846 stellaclarissima
1348 772 1452 862 Spica
1477 771 1624 858 Virginis
1653 769 1742 840 dicta
1770 770 1906 860 primum
1935 769 2094 840 heliacice
2117 776 2191 840 orta
2212 791 2260 842 ex

493 899 597 970 radiis
617 897 708 968 Solis
728 897 866 988 prodiit,
888 895 972 984 quod
994 895 1165 981 sequentia
1186 893 1316 961 docent

646 1023 684 1098 a)
707 1016 760 1082 die
784 1015 818 1080 7.
844 1013 1052 1101 Septembris
1074 1009 1189 1078 loliani
1210 1012 1316 1078 cessit
1336 1011 1499 1078 diluuium.
1523 1009 1642 1097 Coepit
1662 1009 1760 1096 enim,
1784 1014 1872 1076 teste
1884 1007 1990 1090 Mose,
2010 1007 2064 1074 die
2089 1004 2151 1072 17.
2167 1025 2259 1076 meu-

496 1136 545 1204 sis
567 1132 700 1202 aecnndi
720 1138 819 1220 atque
839 1133 966 1199 durauit
987 1127 1013 1195 s
1034 1148 1167 1196 menses
1189 1131 1337 1216 integras
1359 1147 1465 1216 vsque
1486 1127 1529 1194 ad
1549 1125 1645 1215 diem,
1665 1127 1884 1213 quocolumba
1904 1126 2026 1194 emissa
2039 1145 2105 1192 ιιιιι
2126 1124 2259 1194 rediret

496 1251 610 1319 hloses
632 1268 723 1332 vero,
745 1270 838 1336 quum
860 1248 1098 1334 Aegyptiacum
1119 1248 1277 1314 retineret
1297 1264 1415 1312 annium
1436 1246 1469 1310 in
1496 1241 1546 1310 ta
1568 1263 1702 1311 menses
1720 1245 1846 1312 dierum
1869 1242 1920 1310 3⁰
1936 1243 2085 1325 diuisum,
2100 1262 2263 1332 quumque

500 1366 606 1434 1867
627 1388 657 1434 ιι.
683 1366 739 1433 ch.
762 1365 1029 1454 abaequinoctio
1051 1365 1226 1431 autumnali
1250 1364 1413 1449 inciperet
1439 1383 1576 1452 annum,
1606 1360 1716 1428 diluuii
1742 1362 1866 1429 initium
1895 1361 1975 1428 lecit
2002 1361 2088 1426 diem
2109 1359 2168 1426 47
2191 1368 2264 1447 post

496 1485 733 1574 aequinoctium
754 1483 891 1569 dictum,
912 1502 991 1568 ergo
1013 1479 1051 1550 8.
1074 1481 1270 1549 Nouembris
1294 1480 1496 1567 Gregoriani.
1541 1479 1668 1548 llodem
1689 1498 1771 1547 vero
1793 1480 1848 1546 die
1868 1479 2024 1565 Aegyptii
2046 1479 2162 1546 dicunt
2186 1476 2264 1546 ost-

496 1604 598 1670 ridem
620 1623 641 1670 a
662 1601 823 1688 Typhone
844 1603 878 1667 in
898 1619 976 1669 arca
996 1601 1164 1686 inclusum,
1184 1599 1330 1666 nimirum
1352 1600 1406 1667 die
1431 1597 1492 1664 17.
1517 1597 1639 1686 Athyr,
1657 1598 1729 1664 sine
1750 1595 1885 1663 secundi
1906 1598 1947 1664 ab
1968 1599 2177 1686 aequinoctio
2200 1605 2264 1664 tum

496 1721 663 1807 temporis.
729 1717 924 1806 Typhonem
951 1717 1135 1802 significare
1164 1716 1425 1805 inundationem,
1454 1713 1617 1783 osiridem
1638 1733 1719 1782 vero
1740 1715 1856 1796 Neam,
1880 1720 1951 1782 tota
1970 1713 2013 1784 de
2037 1716 2091 1782 his
2110 1717 2265 1802 personis

495 1835 607 1903 lahulu
627 1834 735 1903 docet.
778 1835 880 1904 Porro
901 1835 1079 1902 secundum
1100 1833 1284 1902 Chaldaeos
1306 1851 1432 1922 quoque
1460 1838 1548 1900 teste
1575 1836 1711 1920 Beroen,
1738 1839 1777 1900 vt
1804 1831 1955 1918 vidimus,
1983 1832 2135 1901 diluuium
2154 1834 2264 1920 coepit

493 1955 552 2023 ‚die
578 1934 632 2020 ffi
658 1951 774 2018 Daesii
801 1951 822 2016 i.
853 1971 882 2020 e.
914 1951 998 2019 baud
1019 1951 1116 2019 dubie
1134 1932 1255 2019 liure
1279 1951 1343 2018 17.
1366 1950 1503 2018 secundi
1523 1950 1655 2017 mensis.
1725 1945 1879 2017 Ceterum
1908 1950 2087 2018 secundum
2114 1949 2262 2018 Graecos

498 2092 625 2162 quoqne
645 2075 680 2138 et
700 2067 803 2136 ludos
824 2068 974 2136 diluuium
995 2067 1122 2136 durauit
1143 2067 1169 2135 s
1192 2089 1336 2138 menses.
1379 2067 1511 2136 Dicitur
1531 2069 1618 2136 enim
1640 2067 1820 2134 Deucalion
1843 2086 1959 2135 nonem
1978 2069 2132 2155 perdice
2153 2089 2216 2136 sna
2230 2070 2263 2136 in

496 2209 576 2258 arca
590 2189 733 2257 inclusus
746 2187 847 2253 luisse
858 2194 957 2275 atque
971 2193 1112 2277 constat,
1120 2196 1255 2256 veteres
1267 2188 1443 2272 allegorice
1455 2189 1589 2275 saepius
1603 2184 1676 2255 dies
1688 2204 1746 2272 pro
1759 2185 1937 2273 mensibus,
1949 2205 2083 2254 meuses
2097 2207 2157 2274 pro
2168 2186 2263 2253 aunis

496 2307 657 2374 sumsisse
678 2324 842 2392 versaque
864 2306 948 2373 vice.
1010 2303 1138 2373 Eodem
1160 2312 1315 2393 spectant
1335 2302 1362 2368 9
1384 2307 1552 2373 Auntarae
1573 2306 1747 2391 ludorum,
1767 2322 1899 2391 quorum
1927 2310 2103 2390 temporum
2123 2304 2263 2390 delapsu

496 2423 662 2490 inundatio
684 2441 723 2490 uc
744 2423 950 2506 regeneratio
972 2428 1081 2489 terrae
1102 2423 1252 2489 absoluta
1275 2423 1389 2514 luerit,
1410 2423 1526 2490 eodem
1548 2441 1674 2510 quoque
1701 2441 1817 2488 nouem
1845 2424 1940 2508 anni,
1958 2423 2072 2510 quibus
2092 2420 2263 2488 Sesostris

496 2535 649 2631 (Nom),
671 2537 862 2605 undecimus
884 2557 905 2604 a
925 2539 1024 2607 hleue
1046 2539 1209 2619 (Adanu)
1231 2539 1374 2627 dynasta
1395 2543 1496 2607 totius
1518 2542 1622 2608 Asiae
1638 2534 1787 2607 dominns
1800 2541 1954 2609 suaserit
1985 2525 2154 2608 Sesostris'
2167 2539 2263 2627 eninr,

497 2659 552 2744 qni
572 2658 738 2742 ingentem
756 2676 848 2724 suam
869 2675 985 2724 nauem
1011 2657 1102 2723 linita
1129 2659 1335 2742 nauigatione
1365 2659 1399 2723 in
1428 2659 1519 2726 coelo
1547 2660 1700 2746 posuisse
1721 2659 1854 2745 dicitur,
1881 2659 2000 2745 quique
2020 2677 2137 2726 nouam
2158 2658 2264 2724 hislo-

497 2775 577 2842 riam
606 2773 909 2864 (postdilnuianam)
941 2774 1027 2862 opud
1054 2773 1283 2841 blanethonem
1305 2775 1385 2843 libro
1407 2776 1552 2844 secundo
1579 2778 1712 2866 incipit,
1742 2777 1978 2863 Aegyptiorum
2002 2783 2057 2844 est
2078 2776 2176 2844 Noah
2196 2775 2264 2864 vel,

498 2896 537 2960 vl
557 2891 639 2957 alias
660 2891 962 2980 demonstrauimus,
984 2889 1086 2960 Cham
1109 2893 1204 2958 Noae
1226 2891 1320 2958 lilius.
1364 2893 1480 2982 ltaque
1501 2901 1638 2962 veteres
1656 2895 1690 2962 in
1710 2912 1752 2962 eo
1779 2897 1997 2983 consentiunt,
2017 2895 2170 2962 diluuium
2189 2900 2266 2981 post

497 3025 613 3075 nouem
635 3027 768 3076 meuses
789 3010 931 3077 desiisse
952 3009 1008 3078 die
1031 3009 1067 3076 7.
1086 3008 1294 3096 Septembris
1315 3009 1447 3093 loliani,
1471 3012 1543 3080 siue
1575 3011 1636 3079 12.
1660 3015 1804 3098 Augusti
1827 3011 2031 3100 Gregorinnt
2092 3012 2161 3078 lam
2184 3030 2265 3078 vero

497 3124 673 3215 quaeritur,
699 3125 785 3214 quod
804 3127 913 3194 multis
934 3129 1004 3196 erui
1024 3127 1122 3194 hodie
1142 3147 1207 3196 nou
1229 3147 1331 3214 posse
1352 3128 1525 3220 videbitur,
1547 3153 1609 3221 qno
1631 3151 1717 3200 anno
1740 3132 1891 3198 diluuium
1913 3129 2074 3198 acciderit.

648 3244 687 3327 h)
708 3245 807 3312 Anno
839 3241 947 3311 atta
976 3265 1008 3314 u.
1038 3246 1098 3312 Ch.
1125 3245 1280 3313 diluuium
1313 3249 1480 3335 cessisse,
1500 3248 1594 3318 lacile
1616 3250 1681 3316 erit
1702 3249 1940 3338 demonstrare,
1959 3269 2054 3335 quum
2075 3257 2168 3315 certa
2190 3250 2213 3315 i.
2235 3266 2264 3315 e.

497 3363 717 3430 astronomica
737 3381 777 3430 ac
798 3363 1027 3430 mathematica
1047 3364 1170 3430 ιιιιιιίΙίιι
1191 3365 1363 3453 sequimur.
1430 3365 1483 3432 an
1504 3367 1592 3434 viam
1616 3372 1771 3434 nostram.
1836 3368 1941 3436 Aetas
1961 3366 2263 3445 Nehucaduenaris,

496 3481 551 3566 qui
572 3481 817 3564 Hierosolymas
838 3479 1048 3566 expugnauit,
1068 3483 1312 3547 accuratissime
1334 3481 1467 3550 delinita
1488 3491 1553 3571 est,
1574 3491 1612 3553 vt
1631 3487 1719 3553 inter
1741 3486 1959 3572 chronologos
1975 3491 2117 3573 constat,
2139 3501 2263 3552 ιιιιιιιιι

496 3593 687 3673 Ptolemaei,
710 3594 958 3659 obseruationes
978 3596 1215 3660 astronomicas
1237 3597 1434 3662 continente.
1476 3599 1551 3665 llac
1572 3603 1613 3668 ab
1635 3601 1761 3686 epocha
1771 3603 1959 3687 chronologi
1981 3606 2132 3672 saniores
2152 3620 2264 3670 omnes

496 3715 642 3778 aetatem
658 3706 763 3773 blesis
784 3725 900 3774 eruere
921 3706 1121 3775 studuerunt.
1166 3708 1259 3792 Quod
1280 3713 1449 3779 euenisset
1470 3716 1599 3800 optime,
1619 3717 1650 3780 si
1670 3717 1762 3784 locus
1787 3718 1907 3804 llleg.
1932 3716 1968 3798 6,
1993 3721 2012 3786 1
2030 3741 2099 3790 rem
2117 3740 2185 3788 non
2204 3722 2265 3786 im·

497 3827 687 3916 pedinisset.
752 3824 890 3893 Scilicet
918 3823 972 3891 hic
1002 3826 1044 3892 ab
1071 3825 1178 3895 exodo
1208 3847 1314 3915 vsque
1341 3827 1384 3896 ad
1413 3831 1566 3917 templum
1593 3831 1780 3900 Salomonis
1809 3835 1871 3901 soli
1900 3833 1981 3903 teo
2012 3841 2089 3906 anni
2116 3837 2267 3906 dicuntur

498 3945 614 4032 elapsi,
634 3950 750 4012 contra
769 3944 995 4011 historicorum
1015 3943 1249 4013 llebraicornm
1270 3947 1506 4018 anctoritatem
1572 3951 1674 4018 Liber
1693 3949 1838 4020 lodicum
1860 3955 1946 4022 enim
1966 3955 2008 4022 ah
2029 3955 2138 4024 exodo
2160 3973 2268 4043 vsque

496 4043 540 4132 ad
560 4063 712 4151 templum
733 4061 896 4130 conditum
918 4069 1066 4130 numeret
1094 4060 1173 4129 700
1196 4066 1268 4132 tere
1293 4085 1414 4147 annos,
1442 4075 1576 4153 praeter
1602 4069 1738 4136 lacunas
1764 4071 2011 4160 chronologicas
2038 4080 2137 4156 atque
2164 4095 2269 4142 anar-

498 4180 590 4249 chias
610 4182 643 4249 in
664 4200 745 4250 aera
764 4180 960 4263 ludicum'l).
1003 4179 1142 4248 Scilicet
1162 4201 1254 4250 error
1276 4185 1360 4253 hunc
1381 4185 1414 4251 iu
1436 4184 1540 4256 locum
1561 4189 1710 4275 irrepsit,
1741 4189 1795 4275 qui
1817 4209 1884 4257 vno
1905 4183 2119 4260 tantummodo
2141 4197 2270 4268 puncto

499 4299 617 4381 corrigi
638 4299 767 4385 poterit
789 4299 828 4366 Si
850 4299 976 4366 scribas
1002 4298 1021 4363 1
1042 4298 1127 4385 Reg.
1141 4296 1179 4387 a,
1194 4298 1228 4366 l.
1252 4307 1299 4386 qh
1321 4303 1378 4371 vel
1404 4309 1475 4389 quc
1506 4331 1551 4362 =
1579 4301 1660 4373 88⁰
1693 4325 1753 4393 pro
1781 4313 1827 4394 'tlt
1840 4333 1885 4368 ε.-
1898 4305 1989 4391 480,
2009 4301 2165 4368 habemus
2180 4299 2268 4372 88⁰

499 4413 805 4484 mnosobltxodo
827 4416 998 4505 usquead
1022 4415 1173 4502 templum
1195 4416 1346 4509 elapsos3
1374 4439 1467 4506 quam
1489 4422 1709 4492 coniecturam
1735 4424 1928 4492 certissimis
1955 4437 1995 4486 ac
2022 4416 2268 4490 mathematicis

498 4639 702 4660 m

649 4807 687 4884 7)
708 4807 778 4866 vlt.
805 4809 947 4868 Prlchard
972 4809 1125 4886 Egyptian
1151 4811 1343 4889 lllythologle
1362 4813 1522 4888 Appendlx
1542 4817 1575 4874 ll.
1598 4818 1710 4874 Locum
1738 4815 1848 4872 dictam
1876 4813 1995 4888 larg.
2018 4813 2049 4888 ll,
2073 4813 2090 4870 1
2114 4817 2262 4875 emendari

498 4909 615 4981 debere,
636 4910 719 4982 prins
740 4925 786 4966 ma
808 4911 882 4968 vldlt
903 4910 1056 4985 Prichard,
1075 4911 1160 4970 doleo
1182 4928 1255 4975 vero
1277 4915 1307 4972 iu
1327 4917 1414 4972 Fasc.
1434 4915 1488 4972 Vl.
1510 4915 1600 4973 halus
1621 4917 1720 4989 operis
1740 4932 1767 4987 p.
1789 4913 1840 4972 33.
1865 4931 1912 4974 mc
1933 4931 2035 4974 verum
2057 4931 2115 4973 uon
2136 4916 2259 4988 vidlsse,

496 5009 623 5067 manime
643 5025 708 5070 cum
730 5011 853 5068 modern
874 5026 936 5071 ιιιιι
957 5011 1091 5088 tetigerit
1112 5012 1258 5073 wluerus
1278 5013 1310 5072 ic
1331 5029 1420 5087 opere
1441 5031 1496 5074 suo
1518 5015 1894 5078 Bibliscb.ltealwtirterb.
1915 5019 1982 5084 Vol.
2002 5019 2042 5078 11.
2062 5017 2145 5091 hlps.
2167 5013 2257 5074 teas
