4774 6104
897 549 1224 626 ...69..,.

292 758 362 836 luo
383 755 567 825 accuratius
587 752 767 838 videamus,
786 768 862 817 nom
883 750 990 817 literis
1009 749 1156 818 Persicis
1182 766 1264 818 aere
1290 749 1514 837 respondeant
1540 751 1709 822 zendieae
1736 762 1771 823 et
1801 755 1906 827 Pebl-

140 873 238 942 vicae
258 873 342 959 ipsis
363 873 562 962 adscriptae.
625 867 700 953 Qua
728 867 764 935 in
791 868 983 955 quaestione
1009 867 1166 937 adhibere
1185 866 1310 935 innubit
1329 867 1481 955 antiquas
1501 869 1647 936 Arabum
1668 887 1708 937 ac
1729 871 1905 944 Persarum

137 990 270 1080 literas,
290 989 421 1058 scilicet
441 989 580 1056 Cutioas.
1217 1069 1221 1078 .

201 1129 206 1142 ·
290 1105 400 1174 Primo
421 1106 549 1193 quidem
570 1107 719 1192 apparet,
740 1102 948 1191 alphabetum
969 1104 1146 1174 Persarum
1167 1109 1265 1172 vetus
1285 1103 1420 1171 totidem
1440 1102 1546 1171 literis
1568 1110 1723 1172 constare
1737 1110 1835 1194 atque
1850 1125 1906 1174 re-

138 1242 233 1313 cens,
254 1223 373 1311 quippe
396 1221 467 1311 363
488 1221 519 1288 si
539 1221 779 1290 decesserisa
805 1221 911 1289 literis
937 1222 1044 1309 paullo
1073 1221 1291 1301 variantibus,
1320 1220 1371 1287 vti
1399 1225 1476 1304 fet
1502 1236 1529 1314 ξ,
1543 1227 1675 1308 atquea
1696 1223 1905 1310 compendiis.

136 1337 273 1409 Etenim
293 1353 339 1428 a,
360 1337 446 1426 quod
466 1338 636 1426 Anquetil,
655 1335 807 1404 Niebuhr
827 1338 946 1426 aliique
963 1337 1169 1425 pronunciari
1199 1339 1309 1405 iubent
1329 1355 1378 1402 on
1400 1326 1461 1432 υἱ,
1483 1355 1565 1404 vere
1592 1343 1723 1405 constat
1749 1337 1854 1407 literis
1878 1356 1905 1394 n

137 1457 211 1525 det
229 1473 241 1532 r
262 1475 294 1522 ra
327 1454 418 1521 ldem
432 1455 524 1522 valet
538 1453 580 1522 de
595 1471 645 1544 pr,
664 1452 749 1540 quod
772 1471 816 1520 ex
836 1469 872 1507 aa
895 1456 918 1520 ci
940 1459 1006 1537 etp
1026 1460 1191 1542 constare,
1213 1453 1286 1520 luce
1307 1453 1427 1520 clarius
1448 1456 1510 1520 est.
1573 1453 1662 1520 llinc
1681 1451 1790 1542 Persi,
1816 1461 1906 1524 toste

136 1570 328 1660 Niebubrio,
348 1584 413 1660 ‚opt
434 1570 639 1658 appellarunt
658 1589 714 1636 oro.
765 1569 944 1657 Perperam
966 1583 993 1658 ,a
1014 1587 1073 1656 pro
1095 1569 1131 1654 ci,
1145 1567 1200 1634 alii
1212 1587 1272 1655 pro
1288 1569 1690 1638 Anaswnrasanscritioa
1705 1571 1906 1662 babuerunt3

135 1688 215 1756 item
243 1702 281 1774 aa·
302 1705 362 1773 pro
383 1687 419 1769 d,
440 1692 539 1772 atque
558 1705 618 1772 pro
639 1704 727 1754 mero
748 1705 774 1754 ro
800 1691 880 1754 ante
909 1685 1044 1754 vocales
1073 1686 1186 1753 fortes.
1250 1685 1348 1753 Parsi
1375 1685 1502 1772 quidem
1529 1687 1690 1772 ignicolae
1717 1686 1907 1776 deposcito,

135 1804 327 1902 Nicbubrio,
357 1816 531 1885 Cbardiuio
558 1819 674 1886 literas
702 1832 730 1908 ,a
760 1826 795 1887 et
827 1835 866 1915 ,pt
886 1840 945 1908 pro
968 1808 1018 1917 v'
1045 1825 1081 1889 et
1106 1798 1168 1925 vt*
1177 1817 1390 1902 cediderunt,
1412 1821 1447 1888 in
1468 1839 1531 1908 quo
1552 1819 1813 1912 subsistendum
1834 1805 1906 1890 ma·

133 1953 226 2020 xime
247 1969 319 2019 curn
339 1964 367 2038 ,a
387 1956 423 2018 et
443 1951 580 2038 ,peine
595 1952 699 2021 literis
719 1968 745 2008 Μ
770 1969 806 2007 na
828 1961 895 2031 etr
919 1959 1083 2023 constent.
1154 1951 1313 2022 Eiusdem
1338 1953 1471 2041 generis
1491 1958 1570 2021 sunt
1603 1967 1640 2066 υ,
1661 1969 1709 2011 =
1734 1978 1801 2056 02,
1827 1972 1908 2041 9:

132 2065 176 2194 7⁹,
198 2070 829 2173 tl=otnoaquemaxmerel1nea
849 2089 882 2155 in
904 2089 1076 2176 scriptura.
1119 2087 1215 2162 Quod
1236 2089 1360 2176 reliqua
1382 2087 1570 2176 compendia
1591 2087 1624 2154 iu
1645 2058 1759 2156 MSS:⁸
1775 2089 1906 2158 zendi-

135 2222 188 2289 cis
209 2222 304 2291 obuia
324 2222 453 2310 attinet,
474 2220 592 2308 qnippe
612 2238 669 2307 oo,
690 2220 740 2308 bt,
761 2221 839 2309 acb,
861 2221 939 2307 bon,-
961 2223 1004 2290 de
1023 2221 1065 2289 iis
1086 2223 1294 2290 consentiunt
1313 2223 1400 2289 inter
1419 2240 1460 2289 se
1480 2221 1656 2309 Anquetil,
1682 2221 1796 2312 Bopp,
1816 2223 1905 2290 Bur-

133 2338 222 2427 noof,
242 2338 370 2426 reliqui.
411 2334 472 2406 Sic
492 2352 557 2422 fan,
579 2336 664 2424 quod
684 2354 728 2404 co
747 2337 975 2428 pronunciant,
1001 2337 1215 2425 conpositum
1243 2343 1296 2406 est
1322 2338 1428 2406 literis
1455 2351 1491 2394 ao
1512 2355 1537 2403 a
1557 2342 1624 2422 ets
1643 2337 1780 2407 Persico
1795 2364 1834 2443 ε,
1855 2337 1907 2406 vti

135 2457 247 2524 statim
268 2456 458 2524 videbimus

286 2571 418 2642 Deinde
440 2568 550 2640 tabula
570 2577 686 2641 nostra
707 2571 815 2661 docet,
833 2572 948 2642 literas
969 2579 1118 2644 veterum
1131 2573 1305 2643 Persarum
1323 2574 1511 2642 diacriticas
1523 2574 1678 2660 cognosci
1696 2591 1740 2640 ex
1755 2571 1907 2640 adiuncto

135 2689 268 2758 circello
289 2697 346 2756 ant
365 2688 483 2756 lineola
504 2688 700 2774 productiori
721 2690 781 2757 snb
803 2691 899 2758 finem
919 2691 1048 2759 literae.
1091 2689 1203 2760 Etiam
1223 2692 1310 2780 apud
1330 2692 1456 2760 Persas
1476 2692 1678 2759 recentiores
1698 2690 1818 2758 literae
1833 2689 1906 2758 dla-

138 2805 274 2872 criticae
294 2824 360 2872 non
381 2805 532 2872 (liberunt
552 2822 573 2869 a
593 2805 745 2887 genuinis
766 2806 837 2872 suis
857 2807 922 2874 nisi
943 2813 1064 2893 puncto
1085 2826 1126 2875 ac
1147 2809 1289 2878 circello.
1333 2814 1448 2898 ltaque
1468 2809 1555 2877 inter
1574 2826 1614 2876 se
1645 2813 1843 2896 congruente

344 2927 802 3029 ,oetlovthetff
1249 2934 1719 3042 setovtiffietpg

338 3101 787 3144 ,0-20...

288 3999 403 4066 Facile
423 3999 528 4087 quinis
549 3997 652 4086 videt,
672 3995 736 4066 bas
756 3997 872 4067 literas
894 3998 1080 4067 diacrideas
1099 3999 1170 4068 lere
1183 4015 1297 4066 omnes
1317 3999 1532 4068 solocircello
1554 4001 1684 4070 differre
1703 4019 1724 4069 a
1743 4002 1903 4087 genuinis.

133 4117 229 4204 Quae
250 4113 436 4184 obseruatio
457 4115 588 4183 multorn
608 4113 805 4182 hauddubie
824 4115 943 4182 iecerit
962 4113 1006 4182 ad
1025 4115 1183 4200 genuinos
1202 4116 1368 4184 literarum
1386 4117 1604 4185 zendicarom
1625 4125 1660 4186 et
1680 4117 1904 4189 Pebloicarom

135 4251 237 4302 sonos
258 4231 438 4323 eruendos3
462 4230 504 4298 de
524 4250 591 4318 qno
606 4230 669 4297 iarn
682 4228 863 4299 videamus.
884 4231 1025 4299 Primum
1036 4235 1139 4320 patet,
1151 4232 1353 4300 retinendam
1368 4252 1445 4302 esse
1458 4235 1597 4304 maxime
1609 4235 1904 4322 pronunciationem

135 4349 314 4437 Andocidi,
334 4344 503 4416 Chardinii
514 4354 550 4415 et
560 4345 730 4444 bliebubrd
740 4343 787 4438 ¹),
808 4347 863 4435 qui
876 4345 1050 4416 Persarum
1063 4352 1210 4415 veterum
1220 4355 1401 4436 prognatos
1419 4351 1599 4420 babuerunt
1619 4351 1804 4438 magistros.
1831 4349 1905 4435 oua

5 4499 7 4512 ·
137 4463 174 4530 in
194 4483 231 4532 re
250 4484 331 4534 sane
352 4465 423 4532 fieri
444 4482 509 4530 non
530 4464 646 4554 potuit,
665 4465 742 4552 quin
763 4463 861 4531 Parui
881 4463 930 4532 illi
950 4483 1053 4533 sonos
1073 4463 1239 4534 literarum
1262 4469 1506 4568 accuratissime
1525 4487 1590 4538 non
1612 4469 1780 4536 traderent
1802 4475 1904 4557 atquc

5 4589 6 4626 ὲ
140 4580 263 4666 passim
281 4582 457 4653 molliorem
478 4580 774 4668 pronunciationem
795 4597 854 4670 pro
874 4580 1092 4654 recentiorum
1111 4587 1255 4654 aetatum
1274 4585 1402 4656 ratione
1423 4592 1642 4658 sectarentur.
1701 4586 1790 4660 lbra
1811 4586 1903 4656 acci·

5 4809 8 4966 l

140 4801 340 4824 m

291 4951 328 5028 1)
343 4952 474 5015 ltinerar.
495 4959 531 5018 P.
549 4959 588 5020 11.
609 4974 638 5032 p.
659 4954 711 5017 tt.
731 4955 800 5018 Vld.
821 4955 898 5018 intra
919 4959 991 5020 Pub.
1012 4957 1067 5018 VL
