4774 6104
888 492 1115 564 ...7-

264 693 357 768 llaec
378 694 449 766 lero
477 701 565 784 aunt,
585 700 652 763 tum
674 713 757 783 quac
780 699 914 762 veteres
933 692 1064 762 tradant
1082 693 1127 762 de
1147 691 1321 780 alphabeto
1347 694 1567 784 Aegyptiace,
1588 702 1654 768 tum
1675 717 1759 786 quac
1780 700 1886 788 ipsius

112 830 153 882 ex
175 816 416 904 comparatione
437 834 509 883 curn
530 813 715 902 alphabetis
735 813 887 881 affinibus
907 817 1102 901 sequautur,
1123 812 1254 880 scilicet
1274 812 1461 900 Aegyptios

196 933 231 1000 1.
253 952 366 1002 verum
387 932 542 1000 habuisse
565 929 616 1002 85
638 932 805 999 literarum
825 930 1052 1021 alphabetum,

192 1048 229 1118 2.
250 1047 346 1140 quod,
366 1058 498 1138 septem
523 1049 690 1118 vocalibus
711 1049 914 1130 instructum,
936 1050 978 1119 ab
998 1068 1022 1116 0
1043 1047 1204 1138 inciperet
1225 1053 1323 1137 atque
1344 1065 1368 1114 0
1389 1046 1513 1140 iniret,

194 1166 232 1236 3.
255 1170 422 1238 inuentum
442 1188 463 1237 a
484 1165 595 1235 'l'hoth
615 1171 728 1236 aetate
751 1167 880 1259 diluuii3

189 1286 230 1356 4.
253 1287 429 1376 alphabeto
451 1285 628 1356 chulaico
648 1285 782 1373 antiquo
804 1291 995 1373 cognatum

190 1401 229 1472 li.
252 1405 334 1473 duas
348 1405 484 1474 vocales
505 1409 610 1486 pete
631 1401 747 1471 interl
767 1401 801 1465 et
824 1402 1044 1472 economus.
1074 1414 1080 1430 ·

258 1523 352 1607 Quod
373 1522 613 1610 Acgyptiorum
630 1520 838 1609 alphabetum
860 1518 1019 1608 quomodo
1039 1518 1267 1608 reperiendum
1287 1521 1334 1587 sit
1353 1519 1389 1587 iu
1409 1523 1502 1588 muta
1522 1519 1686 1589 literarum
1715 1520 1883 1610 hierogly-

102 1639 283 1731 phicorom,
309 1642 539 1710 hieraticarum
568 1646 604 1708 et
631 1638 863 1706 demoticarum
883 1637 1067 1725 frequentia
1087 1638 1152 1706 iam
1164 1638 1313 1727 quaestio
1336 1645 1400 1706 est.
1419 1638 1502 1722 Quis
1523 1657 1587 1706 uon
1610 1638 1712 1728 videt,
1732 1638 1883 1708 adeunda

105 1777 184 1826 esse
207 1761 358 1848 proxime
387 1761 483 1848 signa
513 1754 753 1844 Aegyptiorum
784 1745 974 1822 numerica?
1015 1755 1130 1843 Populi
1145 1756 1230 1824 cuim
1248 1757 1319 1824 lere
1341 1776 1466 1845 omues,
1485 1758 1536 1824 vti
1556 1763 1697 1846 constat,
1716 1757 1883 1844 alphabeti

105 1875 215 1944 literis
236 1896 390 1946 numeros
403 1875 642 1966 significarunt,
660 1893 724 1962 qua
743 1873 785 1942 rle
798 1893 900 1941 causa
912 1873 1052 1940 maxime
1066 1876 1233 1963 probabile
1246 1881 1310 1964 est,
1332 1875 1521 1964 Aegyptios
1542 1893 1679 1964 quoquc,
1697 1875 1881 1962 priusquam

102 1991 185 2060 500
208 1993 454 2082 hieroglyphice
465 2012 527 2060 sua
541 2011 714 2080 earumque
727 1990 917 2079 compendia
931 1992 1089 2061 hieratica
1102 1999 1137 2062 et
1152 1993 1314 2060 demotica
1328 1993 1362 2060 io
1376 2013 1469 2060 vsum
1489 1993 1688 2084 reciperent,
1708 1992 1815 2062 literts
1827 1987 1878 2059 00

98 2110 269 2198 alphabeti
296 2112 439 2199 ipsorum
459 2112 612 2198 genuinis
633 2111 847 2199 expressisse
867 2130 1030 2182 uumerus.
1072 2109 1177 2196 Quom
1197 2111 1238 2180 ob
1258 2131 1329 2182 rem
1346 2111 1412 2180 1001
1433 2130 1516 2200 opus
1536 2117 1603 2200 eat,
1622 2111 1805 2180 accuratius
1825 2111 1880 2177 iu·

101 2229 234 2314 quirere
255 2231 290 2297 in
310 2235 458 2317 systema
479 2230 718 2318 Acgyptiorum
739 2227 916 2300 numerale.
957 2299 971 2316 ,

814 2427 853 2504 s.
878 2417 919 2492 3.
972 2417 1173 2496 Hictmicu.

254 2568 388 2638 Minime
412 2587 499 2637 noua
527 2573 583 2638 est
609 2568 792 2655 sententia,
816 2567 1017 2638 literaturam
1044 2569 1283 2657 aegyptiacum
1308 2568 1403 2638 iuoiti
1435 2567 1609 2656 alphabeto
1644 2564 1879 2635 Chaldaeorum

100 2685 247 2775 antiquo.
289 2685 357 2755 lmo
378 2707 530 2757 numeros
551 2688 738 2776 Aegyptios
759 2686 1007 2756 Phoeniciomm
1028 2687 1202 2777 alphabeto
1224 2685 1427 2775 respondere
1452 2692 1551 2772 atque
1578 2683 1670 2772 ipsos
1692 2681 1879 2768 Aegyptia·

99 2823 177 2870 cum
199 2801 377 2891 continere,
398 2810 512 2870 auctor
532 2810 611 2873 aute
628 2805 690 2873 hos
711 2803 882 2872 duodecim
903 2823 1007 2872 annus
1026 2805 1092 2872 iarn
1114 2804 1341 2874 demonstrare
1362 2797 1562 2894 studuit¹¹).
1606 2799 1701 2883 Quod
1713 2807 1780 2867 tum
1795 2805 1879 2865 tem-

98 2918 195 3004 poris
223 2936 336 3005 parum
364 2922 519 2986 accurate
540 2920 670 3006 probari
691 2922 795 3007 potuit
816 2927 951 3008 propter
971 2921 1186 3006 ignorantium
1207 2922 1377 2990 multorum
1398 2921 1563 3008 signorum
1586 2919 1673 3007 apud
1694 2916 1880 3004 Aegyptios

99 3035 351 3124 numericorum,
378 3033 413 3102 id
443 3053 528 3102 nunc
556 3035 685 3103 relictos
712 3034 881 3124 succedet,
901 3037 994 3104 nouis
1015 3037 1146 3104 auxiliis
1167 3040 1321 3125 repertis.
1365 3037 1513 3106 Subinde
1532 3038 1619 3104 euim
1641 3033 1879 3121 Aegyptiorum

100 3151 230 3220 numeri
250 3153 356 3219 satius
376 3152 601 3220 innotuerunt.

257 3268 386 3339 Primos
415 3269 653 3358 Acgyptiorum
679 3289 829 3339 numeros
856 3271 1026 3340 inuenisse
1053 3269 1185 3340 videtur
1205 3271 1352 3359 Jomard,
1372 3273 1425 3359 qui
1446 3270 1557 3337 libello
1578 3276 1656 3336 ante
1678 3266 1740 3334 hos
1760 3265 1880 3352 viginti

98 3408 162 3457 sex
187 3405 296 3456 anuos
316 3388 404 3456 edito
426 3388 544 3478 arguit,
564 3407 603 3456 se
624 3407 709 3457 anuo
735 3384 853 3477 1799,
873 3409 969 3478 quoru
989 3390 1023 3456 iu
1041 3389 1197 3477 Aegypto
1219 3395 1421 3477 versarctur,
1442 3406 1595 3456 numeros
1616 3384 1880 3472 hieroglyphicos

98 3507 130 3574 in
152 3506 376 3575 monumentis
395 3504 593 3574 distinxisse
603 3501 669 3596 ¹²),
689 3506 835 3574 nimirum
857 3506 937 3573 hos:

447 3640 571 3707 1=r
704 3639 876 3708 1o=rr
1010 3638 1188 3714 roo=o
1321 3597 1538 3724 rooo=i

255 3757 351 3842 Quod
372 3758 514 3848 reliquos
534 3777 686 3827 numeros
706 3777 727 3824 a
747 3758 904 3827 lomardo
926 3757 1078 3826 laudatos
1099 3758 1228 3845 attinet,
1246 3763 1361 3824 auctor
1380 3756 1513 3824 errauit.
1557 3753 1616 3824 Sic
1637 3755 1735 3823 stella
1756 3755 1880 3823 marina

96 3865 144 3957 ak
162 3926 174 3968 ,
190 3895 274 3965 quoe
295 3877 387 3945 valet
406 3877 536 3945 literam
557 3895 586 3967 c,
606 3875 757 3965 nuspiam
778 3877 940 3964 reperitur
960 3897 1019 3964 pro
1040 3894 1174 3943 numero
1197 3875 1240 3967 53
1261 3875 1407 3962 quamuis
1418 3873 1595 3961 Horapollo
1612 3874 1655 3956 (l.
1671 3870 1745 3965 1³)
1761 3872 1880 3961 tradat,

97 3997 232 4064 stellam
264 3995 449 4083 siguificare
476 3995 618 4083 quinque
650 3998 722 4076 (roo
756 4015 847 4060 ucoca
875 3991 1049 4083 ἀριθμον).
1098 3993 1167 4060 Imo
1196 3991 1421 4079 Horapolliois
1450 3993 1619 4060 sententia
1653 3997 1717 4080 est,
1750 3991 1880 4060 stellam

99 4113 292 4202 siguificare
313 4111 432 4180 Martis
451 4110 630 4202 planetam,
650 4113 771 4200 quippe
792 4111 957 4202 quintum,
978 4109 1031 4178 cel
1053 4106 1173 4177 Martis
1194 4108 1323 4178 literam
1339 4115 1380 4172 ut.

254 4228 402 4298 Eosdem
423 4249 575 4298 numeros
596 4228 862 4319 hieroglyphicos
882 4227 1006 4314 Young
1024 4228 1161 4317 inuenit,
1181 4225 1268 4294 haud
1288 4224 1384 4294 dubie
1405 4227 1534 4314 proprio
1561 4226 1686 4317 blarte,
1712 4247 1809 4314 quum
1839 4227 1882 4296 li-

99 4349 218 4416 bellom
246 4348 397 4417 Jomardi
424 4343 665 4440 ignorarem).
715 4347 907 4416 Deuoticos
935 4364 1088 4418 numeros
1117 4346 1240 4434 primos
1267 4343 1426 4434 expheuit
1453 4344 1625 4415 Aherblarl
1652 4343 1881 4435 00001800,

100 4495 302 4512 m

256 4574 316 4652 11)
339 4573 518 4635 Rudimcoto
540 4573 781 4652 hieroglyphicas
803 4587 874 4650 pag.
894 4569 945 4630 au.
965 4573 1024 4634 001.
1048 4573 1121 4633 aab.
1141 4573 1288 4634 XXXVI.

258 4691 316 4769 11)
337 4689 522 4768 lle'marques
543 4709 597 4751 sur
617 4694 663 4750 les
685 4692 790 4769 signes
811 4687 1002 4765 nominiques
1023 4691 1077 4749 cies
1098 4689 1223 4749 nucleos
1244 4689 1417 4766 Egyptiens
1437 4691 1505 4749 Par.
1528 4687 1622 4749 1811.
1641 4691 1705 4750 Ful.

255 4806 314 4884 10)
336 4810 417 4868 vtile
446 4813 617 4884 scyuortb:
644 4811 825 4870 Ucbersicht
851 4809 905 4868 dar
934 4808 1163 4886 Acgypllschau
1190 4807 1344 4868 litterator
1365 4809 1425 4868 scit
1444 4805 1644 4886 Eutdachuog
1665 4809 1718 4870 der
1737 4809 1881 4870 insobritt

103 4929 160 4970 roo
182 4913 312 4972 ltosette
332 4909 562 4976 ttae-18³⁴.
605 4914 641 4980 Ia
662 4911 798 4974 Sccborlc
819 4911 881 4972 und
901 4911 995 4970 laha:
1021 4910 1110 4972 Neue
1136 4909 1325 4972 Jobrtucocr
1352 4909 1406 4969 der
1433 4909 1603 4994 Philologia
1628 4912 1683 4974 tlt
1710 4909 1738 4968 1.
1759 4926 1787 4984 p.
1810 4907 1880 4967 182.

103 5011 185 5090 hipp.
206 5007 301 5071 18114.
