4774 6104
654 749 725 819 lam
746 747 789 817 de
807 745 949 815 numeris
969 738 1226 828 hiemglyphicis
1245 740 1331 806 satis
1351 756 1516 828 superque
1542 735 1798 806 demonstratum
1810 734 1958 824 videtur,
1978 735 2070 824 ipsos
2091 736 2224 804 valere
2246 737 2291 804 li·

506 875 597 938 cerm
622 867 818 954 reliquorum
848 859 1160 950 hieroglyphicorum
1187 857 1230 924 ad
1250 857 1368 926 instar.
1408 854 1586 922 Videamus
1607 873 1693 923 nunc
1712 853 1755 922 de
1784 853 1927 921 numeris
1947 852 2126 920 hieraticia.
2181 853 2289 937 Quum

506 985 582 1053 libri
601 983 781 1052 Hermetici
800 981 899 1048 iidem
919 979 1004 1046 alias
1026 975 1288 1064 hieroglyphice,
1316 975 1400 1042 alias
1428 973 1585 1042 hieratice
1615 971 1745 1039 exmetl
1772 977 1919 1062 exstent,
1938 972 2034 1039 facile
2056 972 2120 1038 erit
2144 970 2288 1040 demon-

506 1109 625 1192 strare,
645 1120 710 1189 qua
730 1099 856 1168 ratione
876 1093 1141 1181 hieroglyphicas
1162 1091 1285 1178 figurae
1306 1090 1464 1160 hierahce
1485 1091 1630 1177 scriptae
1651 1089 1771 1157 luerint
1790 1107 1954 1178 versaque
1975 1089 2062 1156 vice.

508 1284 534 1354 2
556 1311 599 1348 =
623 1265 648 1372 ΙΙ
668 1281 833 1372 lividetnr
853 1297 935 1346 sane
955 1278 1055 1347 meris
1076 1275 1202 1343 duabus
1222 1274 1318 1342 lineis
1346 1280 1519 1364 constare,
1545 1251 1863 1361 quemadmodumlll
1881 1279 1918 1341 et
1939 1249 1991 1360 “q
2026 1273 2131 1340 tribus
2163 1283 2284 1361 quatu-

707 1417 816 1486 orque.
858 1395 1048 1482 Comparari
1062 1393 1189 1480 quidem
1202 1375 1345 1479 possitll
1365 1411 1437 1458 cum
1464 1391 1622 1459 hieratica
1651 1391 1749 1458 litera
1769 1409 1813 1457 cx
1833 1411 1900 1478 'r
1929 1390 2014 1475 qood
2042 1391 2063 1456 b
2084 1391 2194 1478 valet,
2217 1391 2282 1456 ori-

706 1515 814 1608 vnda3
835 1533 918 1582 vero
940 1519 1049 1579 tamen
1070 1511 1207 1578 similius
1227 1509 1337 1576 multis
1368 1508 1545 1598 videbitur,
1562 1493 1681 1596 ¹{esse
1701 1527 1868 1576 numerum
1896 1485 1978 1594 l-l}
2019 1504 2156 1590 (luade
2180 1525 2284 1576 causa

708 1632 929 1700 abstineamus
949 1629 991 1696 ab
1012 1629 1075 1695 hoc
1094 1629 1190 1714 signo
1210 1645 1269 1714 pro
1290 1626 1386 1694 litera
1405 1625 1618 1695 venditando.

509 1820 646 1912 δερ
677 1821 719 1908 tp,
745 1814 893 1904 quamuis
914 1832 973 1900 pro
994 1810 1105 1879 babitu
1127 1830 1187 1878 suo
1209 1809 1393 1878 certissime
1411 1811 1529 1881 literae
1550 1812 1722 1898 imaginem
1749 1828 1829 1897 prae
1855 1827 1895 1878 se
1915 1809 2011 1902 ierat,
2030 1808 2164 1878 nondum
2184 1809 2281 1878 inter

709 1934 825 2002 literas
853 1929 1002 2019 equidem
1030 1928 1148 2014 reperi.
1199 1925 1292 1994 Sane
1313 1928 1361 2013 st,
1383 1945 1456 1995 cum
1475 1947 1607 1997 numero
1629 1926 1655 1994 3
1676 1925 1887 2017 respondeat,
1907 1928 2091 2013 valuisseg
2109 1926 2277 1994 conticere

709 2067 798 2136 neec
840 2062 1092 2134 secutorum
1110 2061 1299 2130 umerorum
1320 2021 1384 2150 f,
1412 2062 1498 2149 quor
1532 2062 1811 2150 uremgrypneum
1838 2062 1890 2130 urs
1917 2068 2044 2128 uncum
2076 2061 2217 2128 numus
2245 2064 2278 2128 m

709 2181 925 2253 monumentis
945 2180 1112 2268 scriptum,
1124 2177 1305 2266 respondet
1325 2178 1447 2263 figurae
1469 2181 1515 2266 fl·
1564 2178 1731 2247 Habemus
1752 2179 1838 2248 enim
1859 2180 1924 2248 alia
1944 2180 2027 2247 collo
2047 2179 2205 2246 camelino
2228 2179 2276 2244 si-

709 2317 808 2406 milia,
829 2317 902 2402 pari
922 2313 1015 2382 modo
1036 2314 1071 2380 in
1090 2313 1192 2392 breue
1213 2317 1395 2398 contracta,
1414 2331 1445 2379 e.
1466 2336 1500 2400 g.
1522 2313 1657 2381 caudam
1678 2314 1850 2382 arietinam
1879 2284 1956 2398 s:
1976 2299 2061 2400 L:
2073 2287 2103 2401 i·
2126 2303 2228 2387 ouum
2249 2321 2274 2373 r·

708 2431 878 2520 copticom
899 2419 977 2500 it'cm
997 2429 1164 2496 rarissime
1185 2427 1388 2518 adhibeatur,
1408 2427 1694 2499 lortceandemob
1710 2450 1853 2522 caueam,
1871 2431 2106 2520 nescioquam
2120 2429 2274 2517 Aegyptii

710 2550 811 2618 etiam
829 2553 978 2635 veteres,
1000 2545 1156 2614 camelum
1174 2564 1234 2633 pro
1255 2545 1353 2614 litera
1372 2561 1535 2632 vaurpare
1555 2555 1722 2616 canerent.
1765 2547 1916 2619 &metat
1934 2549 2125 2638 nonuuisse,
2151 2549 2186 2635 fl
2210 2557 2273 2606 noo

709 2683 790 2736 csse
815 2665 942 2752 signum
966 2663 1159 2732 numericum
1176 2680 1236 2751 pro
1263 2662 1397 2730 arbitrio
1424 2663 1551 2746 neum,
1577 2664 1639 2734 sed
1662 2665 1781 2738 literae
1804 2667 2018 2757 simillimum,
2045 2665 2164 2755 qnippe
2192 2663 2272 2732 collo

711 2780 880 2851 camelino.

508 2997 590 3066 4:
608 2973 698 3086 ss„
716 3015 755 3056 =
778 2951 806 3080 s]
827 2971 860 3081 ‘l
881 2994 1002 3082 'thaud
1023 2994 1119 3063 dubie
1140 3003 1266 3082 portam
1286 2997 1342 3065 vel
1363 2998 1493 3066 valoam
1513 2998 1708 3085 signidcant,
1733 3001 1819 3071 alias
1840 3007 1993 3084 erectam,
2013 3001 2097 3070 alias
2117 3001 2270 3069 iacentem

709 3114 972 3202 frequentiorem,
992 3113 1111 3202 quippo

716 3223 860 3354 ,τι
895 3229 1903 3354 ===7eg0==QssPapoeron
1930 3267 2031 3339 ida
2056 3267 2159 3337 lla.

708 3417 806 3484 Licet
825 3435 879 3482 me
898 3415 1018 3498 sugerit
1038 3414 1200 3482 hieratica
1219 3414 1317 3481 litera
1337 3436 1396 3504 pro
1425 3379 1470 3505 ,ς
1498 3417 1660 3487 couiiccrc
1687 3423 1795 3487 tamen
1825 3420 1921 3510 licet,
1947 3439 2043 3508 quum
2068 3375 2192 3491 nsit
2209 3436 2268 3486 ae-

710 3547 805 3633 quale
819 3573 915 3634 τ,
942 3511 1251 3632 'scriptumloissc
1270 3513 1307 3636 l‘,
1339 3547 1423 3636 quod
1446 3569 1528 3617 sane
1557 3553 1689 3620 numero
1710 3531 1917 3645 nquadrat.
1959 3553 2142 3624 Praeterea
2161 3553 2269 3623 similia

709 3691 866 3760 habemus
885 3690 1132 3779 hieroglyphice
1151 3693 1300 3763 similiter
1319 3697 1353 3764 in
1374 3698 1473 3765 breue
1498 3705 1679 3788 contractu,
1709 3718 1739 3770 e.
1760 3723 1794 3788 g.
1815 3655 1866 3788 h]
1891 3683 2006 3794 =h2
2032 3733 2077 3767 =
2096 3697 2124 3795 L
2145 3703 2271 3776 ετξ

711 3789 815 3878 =b·
865 3809 939 3876 vid.
961 3808 1048 3875 tusc.
1068 3807 1151 3877 llos.
1172 3811 1246 3878 Ltn.
1269 3810 1333 3881 Ἠ.
1356 3811 1419 3883 28.
1464 3812 1617 3883 Ceterum
1629 3816 1728 3886 valna
1742 3820 1792 3886 vti
1812 3819 1978 3891 Hebraice
1999 3826 2048 3892 ita
2067 3825 2270 3914 Aegyptiace

710 3945 836 4015 quoqne
857 3925 1020 4016 significat
1040 3927 1064 3992 d
1084 3933 1119 3995 et
1140 3931 1154 3994 l
1173 3947 1203 3996 e.
1225 3949 1259 4016 g.
1280 3931 1313 3998 in

909 4023 987 4147 ξ]
1005 4087 1049 4119 =
1068 4025 1140 4148 ξ]
1159 4091 1204 4126 =
1223 4029 1368 4122 '¹=.
1387 4073 1441 4132 cu
1463 4066 1546 4158 rap.
1568 4067 1678 4139 nem.
1704 4067 1765 4140 ro.
1791 4069 1853 4139 1⁷.
1877 4068 1940 4142 es.
1963 4071 2027 4145 ce.
2048 4073 2107 4143 cs.

709 4206 802 4293 Quod
835 4229 987 4279 numeros
1022 4159 1051 4297 q
1081 4185 1323 4307 ”Mattinet
1353 4224 1431 4306 post
1460 4225 1557 4288 notas
1585 4220 1710 4294 merom
1744 4222 1876 4316 obuias,
1896 4225 1994 4296 valde
2015 4225 2187 4316 probabile,
2208 4225 2273 4293 bos

709 4343 912 4432 respondere
939 4344 1057 4412 valuae
1084 4343 1235 4416 inuersae
1262 4299 1305 4423 Ι.

510 4504 1761 4631 effluoqumnmssmtmeogrypmssme-nq
1791 4525 2154 4632 etffl=cr=n
2182 4555 2214 4605 e·
2242 4559 2272 4623 r·

707 4666 742 4733 5¹¹
773 4626 893 4758 ffih]
916 4703 960 4735 =
980 4663 1102 4750 Mr-
1133 4677 1220 4748 lose.
1249 4684 1331 4751 llos.
1362 4705 1453 4772 pass.
1484 4657 1679 4777 3210?-
1702 4657 1833 4782 fisslo
1845 4693 1927 4780 Pap.
1949 4695 2028 4762 Ber.
2049 4711 2138 4778 pass.
2182 4695 2275 4781 Quae

706 4790 971 4978 pippirflaeTplpppmrp
998 4793 1023 4861 h
1051 4802 1150 4885 atque
1176 4817 1200 4865 o
1225 4801 1412 4887 significant
1438 4805 1607 4893 permultis
1632 4807 1667 4875 in
1689 4807 1869 4894 vocabulis,
1890 4831 1924 4877 r.
1951 4828 1983 4900 g.
2003 4807 2175 4914 Hadriani,
2198 4815 2273 4882 lla-

792 4956 804 4997 )
965 4956 977 4997 2
