<?xml version="1.0" encoding="UTF-8"?>
<!DOCTYPE html PUBLIC "-//W3C//DTD XHTML 1.0 Transitional//EN"
    "http://www.w3.org/TR/xhtml1/DTD/xhtml1-transitional.dtd">
<html xmlns="http://www.w3.org/1999/xhtml" xml:lang="en" lang="en">
 <head>
  <title>
</title>
<meta http-equiv="Content-Type" content="text/html;charset=utf-8" />
  <meta name='ocr-system' content='tesseract 3.04.00' />
  <meta name='ocr-capabilities' content='ocr_page ocr_carea ocr_par ocr_line ocrx_word'/>
</head>
<body>
  <div class='ocr_page' id='page_1' title='image "./beitraegezurken01staagoog_0168.png"; bbox 0 0 4774 6104; ppageno 0'>
   <div class='ocr_carea' id='block_1_1' title="bbox 1233 559 1486 634">
    <p class='ocr_par' dir='ltr' id='par_1_1' title="bbox 1233 559 1486 634">
     <span class='ocr_line' id='line_1_1' title="bbox 1233 559 1486 634; baseline 0.008 -16"><span class='ocrx_word' id='word_1_1' title='bbox 1233 559 1486 634; x_wconf 65' lang='grc' dir='ltr'><em>..ῃ-</em></span> 
     </span>
    </p>
   </div>
   <div class='ocr_carea' id='block_1_2' title="bbox 477 753 2245 1092">
    <p class='ocr_par' dir='ltr' id='par_1_2' title="bbox 477 753 2245 1092">
     <span class='ocr_line' id='line_1_2' title="bbox 628 753 2245 868; baseline -0.005 -34"><span class='ocrx_word' id='word_1_2' title='bbox 628 765 782 868; x_wconf 66' lang='lat' dir='ltr'><strong>pla=</strong></span> <span class='ocrx_word' id='word_1_3' title='bbox 814 753 863 828; x_wconf 67' lang='lat' dir='ltr'><strong>b.</strong></span> <span class='ocrx_word' id='word_1_4' title='bbox 907 758 1010 844; x_wconf 80' lang='lat' dir='ltr'><strong>Quum</strong></span> <span class='ocrx_word' id='word_1_5' title='bbox 1031 759 1116 828; x_wconf 87' lang='lat' dir='ltr'><strong>enim</strong></span> <span class='ocrx_word' id='word_1_6' title='bbox 1136 757 1200 826; x_wconf 90' lang='lat' dir='ltr'><strong>hae</strong></span> <span class='ocrx_word' id='word_1_7' title='bbox 1220 757 1338 826; x_wconf 88' lang='lat' dir='ltr'><strong>literae</strong></span> <span class='ocrx_word' id='word_1_8' title='bbox 1358 757 1509 827; x_wconf 88' lang='lat' dir='ltr'><strong>lineolam</strong></span> <span class='ocrx_word' id='word_1_9' title='bbox 1529 755 1659 826; x_wconf 89' lang='lat' dir='ltr'><strong>tiualem</strong></span> <span class='ocrx_word' id='word_1_10' title='bbox 1680 755 1849 825; x_wconf 89' lang='lat' dir='ltr'><strong>diaeritioe</strong></span> <span class='ocrx_word' id='word_1_11' title='bbox 1879 757 2084 848; x_wconf 80' lang='lat' dir='ltr'><strong>extendant3</strong></span> <span class='ocrx_word' id='word_1_12' title='bbox 2104 761 2245 860; x_wconf 71' lang='lat' dir='ltr'><strong>patetp</strong></span> 
     </span>
     <span class='ocr_line' id='line_1_3' title="bbox 477 873 2245 972; baseline -0.003 -22"><span class='ocrx_word' id='word_1_13' title='bbox 477 885 513 950; x_wconf 91' lang='lat' dir='ltr'><strong>et</strong></span> <span class='ocrx_word' id='word_1_14' title='bbox 537 883 560 952; x_wconf 79' lang='lat' dir='ltr'><strong>b</strong></span> <span class='ocrx_word' id='word_1_15' title='bbox 589 885 757 972; x_wconf 90' lang='lat' dir='ltr'><strong>pertinere</strong></span> <span class='ocrx_word' id='word_1_16' title='bbox 788 879 831 946; x_wconf 87' lang='lat' dir='ltr'><strong>od</strong></span> <span class='ocrx_word' id='word_1_17' title='bbox 866 891 891 934; x_wconf 74' lang='lat' dir='ltr'><strong>b</strong></span> <span class='ocrx_word' id='word_1_18' title='bbox 918 877 952 938; x_wconf 84' lang='lat' dir='ltr'><strong>et</strong></span> <span class='ocrx_word' id='word_1_19' title='bbox 977 879 1011 936; x_wconf 80' lang='lat' dir='ltr'><strong>b·</strong></span> <span class='ocrx_word' id='word_1_20' title='bbox 1054 875 1179 964; x_wconf 88' lang='lat' dir='ltr'><strong>Vtique</strong></span> <span class='ocrx_word' id='word_1_21' title='bbox 1200 875 1298 944; x_wconf 82' lang='lat' dir='ltr'><strong>l‘arsi</strong></span> <span class='ocrx_word' id='word_1_22' title='bbox 1326 875 1539 964; x_wconf 81' lang='lat' dir='ltr'><strong>bappellaut</strong></span> <span class='ocrx_word' id='word_1_23' title='bbox 1560 877 1603 964; x_wconf 84' lang='lat' dir='ltr'><strong>te,</strong></span> <span class='ocrx_word' id='word_1_24' title='bbox 1623 879 1721 962; x_wconf 90' lang='lat' dir='ltr'><strong>atque</strong></span> <span class='ocrx_word' id='word_1_25' title='bbox 1751 879 1889 970; x_wconf 67' lang='lat' dir='ltr'><strong>preste</strong></span> <span class='ocrx_word' id='word_1_26' title='bbox 1925 873 2021 961; x_wconf 89' lang='lat' dir='ltr'><strong>Bopp</strong></span> <span class='ocrx_word' id='word_1_27' title='bbox 2056 892 2097 941; x_wconf 90' lang='lat' dir='ltr'><strong>ao</strong></span> <span class='ocrx_word' id='word_1_28' title='bbox 2129 875 2245 962; x_wconf 84' lang='lat' dir='ltr'><strong>reliqui</strong></span> 
     </span>
     <span class='ocr_line' id='line_1_4' title="bbox 477 983 1025 1092; baseline -0.026 -22"><span class='ocrx_word' id='word_1_29' title='bbox 477 1002 692 1092; x_wconf 87' lang='lat' dir='ltr'><strong>pronunciant</strong></span> <span class='ocrx_word' id='word_1_30' title='bbox 717 997 774 1084; x_wconf 85' lang='lat' dir='ltr'><strong>db,</strong></span> <span class='ocrx_word' id='word_1_31' title='bbox 796 995 963 1064; x_wconf 89' lang='lat' dir='ltr'><strong>adinstar</strong></span> <span class='ocrx_word' id='word_1_32' title='bbox 983 983 1025 1056; x_wconf 72' lang='lat' dir='ltr'><strong>h.</strong></span> 
     </span>
    </p>
   </div>
   <div class='ocr_carea' id='block_1_3' title="bbox 477 1111 2248 1468">
    <p class='ocr_par' dir='ltr' id='par_1_3' title="bbox 477 1111 2248 1468">
     <span class='ocr_line' id='line_1_5' title="bbox 629 1111 2246 1237; baseline 0 -42"><span class='ocrx_word' id='word_1_33' title='bbox 629 1147 765 1190; x_wconf 67' lang='lat' dir='ltr'><strong>rs=</strong></span> <span class='ocrx_word' id='word_1_34' title='bbox 792 1155 827 1237; x_wconf 54' lang='lat'><strong>,3</strong></span> <span class='ocrx_word' id='word_1_35' title='bbox 854 1149 900 1214; x_wconf 58' lang='lat' dir='ltr'><strong>‚p</strong></span> <span class='ocrx_word' id='word_1_36' title='bbox 945 1125 1048 1210; x_wconf 80' lang='lat' dir='ltr'><strong>Quum</strong></span> <span class='ocrx_word' id='word_1_37' title='bbox 1068 1127 1194 1196; x_wconf 79' lang='lat' dir='ltr'>similes</span> <span class='ocrx_word' id='word_1_38' title='bbox 1215 1127 1280 1195; x_wconf 88' lang='lat' dir='ltr'><strong>sihi</strong></span> <span class='ocrx_word' id='word_1_39' title='bbox 1299 1127 1366 1194; x_wconf 92' lang='lat' dir='ltr'><strong>sint</strong></span> <span class='ocrx_word' id='word_1_40' title='bbox 1386 1127 1450 1194; x_wconf 88' lang='lat' dir='ltr'><strong>hae</strong></span> <span class='ocrx_word' id='word_1_41' title='bbox 1470 1126 1597 1216; x_wconf 88' lang='lat' dir='ltr'><strong>literae,</strong></span> <span class='ocrx_word' id='word_1_42' title='bbox 1618 1130 1736 1212; x_wconf 87' lang='lat' dir='ltr'><strong>sponte</strong></span> <span class='ocrx_word' id='word_1_43' title='bbox 1756 1111 1954 1212; x_wconf 81' lang='lat' dir='ltr'><strong>intelligitur.</strong></span> <span class='ocrx_word' id='word_1_44' title='bbox 2022 1119 2146 1192; x_wconf 84' lang='lat' dir='ltr'><strong>Omnes</strong></span> <span class='ocrx_word' id='word_1_45' title='bbox 2166 1143 2246 1196; x_wconf 87' lang='lat' dir='ltr'><strong>vero</strong></span> 
     </span>
     <span class='ocr_line' id='line_1_6' title="bbox 477 1241 2246 1342; baseline -0.006 -22"><span class='ocrx_word' id='word_1_46' title='bbox 477 1252 679 1342; x_wconf 76' lang='lat' dir='ltr'><strong>grammatici</strong></span> <span class='ocrx_word' id='word_1_47' title='bbox 707 1251 742 1315; x_wconf 92' lang='lat' dir='ltr'><strong>in</strong></span> <span class='ocrx_word' id='word_1_48' title='bbox 771 1267 810 1315; x_wconf 92' lang='lat' dir='ltr'><strong>eo</strong></span> <span class='ocrx_word' id='word_1_49' title='bbox 839 1247 1059 1333; x_wconf 87' lang='lat' dir='ltr'><strong>consentiunt,</strong></span> <span class='ocrx_word' id='word_1_50' title='bbox 1083 1260 1100 1300; x_wconf 58' lang='grc' dir='ltr'><em>Δ</em></span> <span class='ocrx_word' id='word_1_51' title='bbox 1126 1243 1160 1305; x_wconf 87' lang='lat' dir='ltr'><strong>et</strong></span> <span class='ocrx_word' id='word_1_52' title='bbox 1184 1259 1213 1328; x_wconf 54' lang='grc' dir='ltr'><strong>Δ,</strong></span> <span class='ocrx_word' id='word_1_53' title='bbox 1231 1245 1281 1312; x_wconf 87' lang='lat' dir='ltr'><strong>vti</strong></span> <span class='ocrx_word' id='word_1_54' title='bbox 1308 1243 1406 1310; x_wconf 85' lang='lat' dir='ltr'><strong>l’arsi</strong></span> <span class='ocrx_word' id='word_1_55' title='bbox 1442 1241 1645 1310; x_wconf 88' lang='lat' dir='ltr'><strong>tradiderunt</strong></span> <span class='ocrx_word' id='word_1_56' title='bbox 1673 1241 1853 1309; x_wconf 89' lang='lat' dir='ltr'><strong>Niebuhrio</strong></span> <span class='ocrx_word' id='word_1_57' title='bbox 1892 1242 2051 1331; x_wconf 87' lang='lat' dir='ltr'><strong>aliisque,</strong></span> <span class='ocrx_word' id='word_1_58' title='bbox 2077 1261 2199 1310; x_wconf 85' lang='lat' dir='ltr'><strong>sonare</strong></span> <span class='ocrx_word' id='word_1_59' title='bbox 2226 1247 2246 1311; x_wconf 80' lang='lat' dir='ltr'><strong>i.</strong></span> 
     </span>
     <span class='ocr_line' id='line_1_7' title="bbox 478 1350 2248 1468; baseline -0.01 -30"><span class='ocrx_word' id='word_1_60' title='bbox 478 1369 572 1453; x_wconf 74' lang='lat' dir='ltr'><strong>Quod</strong></span> <span class='ocrx_word' id='word_1_61' title='bbox 604 1381 637 1424; x_wconf 55' lang='grc' dir='ltr'><strong><em>υ</em></strong></span> <span class='ocrx_word' id='word_1_62' title='bbox 675 1367 793 1434; x_wconf 81' lang='lat' dir='ltr'><strong>athnet</strong></span> <span class='ocrx_word' id='word_1_63' title='bbox 821 1365 863 1433; x_wconf 89' lang='lat' dir='ltr'><strong>ab</strong></span> <span class='ocrx_word' id='word_1_64' title='bbox 895 1363 1070 1451; x_wconf 88' lang='lat' dir='ltr'><strong>Anquetilo</strong></span> <span class='ocrx_word' id='word_1_65' title='bbox 1099 1382 1159 1450; x_wconf 92' lang='lat' dir='ltr'><strong>pro</strong></span> <span class='ocrx_word' id='word_1_66' title='bbox 1185 1363 1199 1427; x_wconf 84' lang='lat' dir='ltr'><strong>i</strong></span> <span class='ocrx_word' id='word_1_67' title='bbox 1222 1361 1352 1448; x_wconf 90' lang='lat' dir='ltr'><strong>habito,</strong></span> <span class='ocrx_word' id='word_1_68' title='bbox 1387 1359 1460 1428; x_wconf 87' lang='lat' dir='ltr'><strong>luce</strong></span> <span class='ocrx_word' id='word_1_69' title='bbox 1487 1360 1606 1427; x_wconf 89' lang='lat' dir='ltr'><strong>elarius</strong></span> <span class='ocrx_word' id='word_1_70' title='bbox 1633 1365 1698 1454; x_wconf 82' lang='lat' dir='ltr'><strong>est,</strong></span> <span class='ocrx_word' id='word_1_71' title='bbox 1726 1373 1760 1413; x_wconf 51' lang='grc' dir='ltr'><strong>ΛΔ</strong></span> <span class='ocrx_word' id='word_1_72' title='bbox 1790 1359 1976 1444; x_wconf 84' lang='lat' dir='ltr'><strong>significare</strong></span> <span class='ocrx_word' id='word_1_73' title='bbox 2008 1383 2082 1468; x_wconf 48' lang='grc' dir='ltr'><strong>ξς</strong></span> <span class='ocrx_word' id='word_1_74' title='bbox 2109 1350 2166 1420; x_wconf 87' lang='lat' dir='ltr'><strong>vel</strong></span> <span class='ocrx_word' id='word_1_75' title='bbox 2188 1384 2248 1460; x_wconf 32' lang='grc' dir='ltr'><strong>ἐὴ.</strong></span> 
     </span>
    </p>
   </div>
   <div class='ocr_carea' id='block_1_4' title="bbox 627 1465 2250 1616">
    <p class='ocr_par' dir='ltr' id='par_1_4' title="bbox 627 1465 2250 1616">
     <span class='ocr_line' id='line_1_8' title="bbox 627 1465 2250 1616; baseline 0.003 -57"><span class='ocrx_word' id='word_1_76' title='bbox 627 1511 764 1572; x_wconf 59' lang='lat' dir='ltr'><strong>on=</strong></span> <span class='ocrx_word' id='word_1_77' title='bbox 790 1520 826 1604; x_wconf 48' lang='grc' dir='ltr'>ξ</span> <span class='ocrx_word' id='word_1_78' title='bbox 857 1517 904 1616; x_wconf 70' lang='lat'><strong>¹:¹⁶</strong></span> <span class='ocrx_word' id='word_1_79' title='bbox 963 1495 1064 1564; x_wconf 88' lang='lat' dir='ltr'><strong>Patet</strong></span> <span class='ocrx_word' id='word_1_80' title='bbox 1086 1497 1171 1564; x_wconf 89' lang='lat' dir='ltr'><strong>enlm</strong></span> <span class='ocrx_word' id='word_1_81' title='bbox 1191 1495 1253 1562; x_wconf 86' lang='lat' dir='ltr'><strong>has</strong></span> <span class='ocrx_word' id='word_1_82' title='bbox 1273 1494 1389 1562; x_wconf 77' lang='lat' dir='ltr'><strong>literas</strong></span> <span class='ocrx_word' id='word_1_83' title='bbox 1410 1491 1579 1560; x_wconf 90' lang='lat' dir='ltr'><strong>diaeritioe</strong></span> <span class='ocrx_word' id='word_1_84' title='bbox 1600 1492 1756 1580; x_wconf 83' lang='lat' dir='ltr'><strong>distingui</strong></span> <span class='ocrx_word' id='word_1_85' title='bbox 1777 1493 1819 1559; x_wconf 94' lang='lat' dir='ltr'><strong>ab</strong></span> <span class='ocrx_word' id='word_1_86' title='bbox 1838 1506 1863 1557; x_wconf 59' lang='grc' dir='ltr'><strong>Δ.</strong></span> <span class='ocrx_word' id='word_1_87' title='bbox 1930 1493 2086 1560; x_wconf 89' lang='lat' dir='ltr'><strong>Pehluiee</strong></span> <span class='ocrx_word' id='word_1_88' title='bbox 2107 1465 2250 1585; x_wconf 78' lang='lat' dir='ltr'><strong>quidem,</strong></span> 
     </span>
    </p>
   </div>
   <div class='ocr_carea' id='block_1_5' title="bbox 478 1601 2381 3506">
    <p class='ocr_par' dir='ltr' id='par_1_5' title="bbox 478 1601 2249 1957">
     <span class='ocr_line' id='line_1_9' title="bbox 478 1601 2249 1720; baseline -0.005 -14"><span class='ocrx_word' id='word_1_89' title='bbox 478 1655 550 1708; x_wconf 85' lang='lat' dir='ltr'><strong>outo</strong></span> <span class='ocrx_word' id='word_1_90' title='bbox 587 1647 604 1706; x_wconf 63' lang='grc' dir='ltr'><em>θ</em></span> <span class='ocrx_word' id='word_1_91' title='bbox 634 1652 701 1700; x_wconf 92' lang='lat' dir='ltr'><strong>nou</strong></span> <span class='ocrx_word' id='word_1_92' title='bbox 722 1601 902 1720; x_wconf 71' lang='lat' dir='ltr'><strong>scribatur,</strong></span> <span class='ocrx_word' id='word_1_93' title='bbox 930 1635 1051 1717; x_wconf 88' lang='lat' dir='ltr'><strong>puneto</strong></span> <span class='ocrx_word' id='word_1_94' title='bbox 1079 1630 1290 1714; x_wconf 79' lang='lat' dir='ltr'><strong>adhibentur,</strong></span> <span class='ocrx_word' id='word_1_95' title='bbox 1317 1634 1357 1695; x_wconf 91' lang='lat' dir='ltr'><strong>vt</strong></span> <span class='ocrx_word' id='word_1_96' title='bbox 1378 1627 1551 1694; x_wconf 80' lang='lat' dir='ltr'><strong>etiamnum</strong></span> <span class='ocrx_word' id='word_1_97' title='bbox 1571 1627 1682 1695; x_wconf 82' lang='lat' dir='ltr'><strong>solent</strong></span> <span class='ocrx_word' id='word_1_98' title='bbox 1702 1626 1809 1694; x_wconf 82' lang='lat' dir='ltr'><strong>Persi.</strong></span> <span class='ocrx_word' id='word_1_99' title='bbox 1855 1624 2009 1694; x_wconf 84' lang='lat' dir='ltr'><strong>Ceterum</strong></span> <span class='ocrx_word' id='word_1_100' title='bbox 2024 1646 2137 1694; x_wconf 89' lang='lat' dir='ltr'><strong>omnes</strong></span> <span class='ocrx_word' id='word_1_101' title='bbox 2152 1627 2188 1695; x_wconf 90' lang='lat' dir='ltr'><strong>in</strong></span> <span class='ocrx_word' id='word_1_102' title='bbox 2211 1647 2249 1698; x_wconf 89' lang='lat' dir='ltr'><strong>eo</strong></span> 
     </span>
     <span class='ocr_line' id='line_1_10' title="bbox 478 1739 2247 1850; baseline -0.006 -30"><span class='ocrx_word' id='word_1_103' title='bbox 478 1749 697 1838; x_wconf 77' lang='lat' dir='ltr'><strong>consentiunt,</strong></span> <span class='ocrx_word' id='word_1_104' title='bbox 724 1746 848 1837; x_wconf 70' lang='lat' dir='ltr'><strong>quode</strong></span> <span class='ocrx_word' id='word_1_105' title='bbox 874 1744 907 1806; x_wconf 72' lang='lat' dir='ltr'><strong>ei</strong></span> <span class='ocrx_word' id='word_1_106' title='bbox 932 1759 949 1824; x_wconf 76' lang='lat'><strong>:⁸</strong></span> <span class='ocrx_word' id='word_1_107' title='bbox 970 1753 1092 1816; x_wconf 85' lang='lat' dir='ltr'><strong>sonent</strong></span> <span class='ocrx_word' id='word_1_108' title='bbox 1112 1749 1135 1816; x_wconf 89' lang='lat' dir='ltr'><strong>i.</strong></span> <span class='ocrx_word' id='word_1_109' title='bbox 1179 1743 1281 1815; x_wconf 84' lang='lat' dir='ltr'><strong>Solus</strong></span> <span class='ocrx_word' id='word_1_110' title='bbox 1302 1744 1459 1833; x_wconf 84' lang='lat' dir='ltr'><strong>Anquetil</strong></span> <span class='ocrx_word' id='word_1_111' title='bbox 1483 1755 1500 1798; x_wconf 60' lang='grc' dir='ltr'><em>δ</em></span> <span class='ocrx_word' id='word_1_112' title='bbox 1523 1761 1584 1830; x_wconf 93' lang='lat' dir='ltr'><strong>pro</strong></span> <span class='ocrx_word' id='word_1_113' title='bbox 1605 1759 1625 1809; x_wconf 84' lang='lat' dir='ltr'><strong>e</strong></span> <span class='ocrx_word' id='word_1_114' title='bbox 1645 1741 1756 1810; x_wconf 91' lang='lat' dir='ltr'><strong>habuit</strong></span> <span class='ocrx_word' id='word_1_115' title='bbox 1776 1739 1864 1810; x_wconf 88' lang='lat' dir='ltr'><strong>haud</strong></span> <span class='ocrx_word' id='word_1_116' title='bbox 1884 1761 2069 1832; x_wconf 88' lang='lat' dir='ltr'><strong>perperam,</strong></span> <span class='ocrx_word' id='word_1_117' title='bbox 2090 1763 2182 1831; x_wconf 91' lang='lat' dir='ltr'><strong>quum</strong></span> <span class='ocrx_word' id='word_1_118' title='bbox 2212 1772 2247 1850; x_wconf 42' lang='grc' dir='ltr'><em>ᾧ</em></span> 
     </span>
     <span class='ocr_line' id='line_1_11' title="bbox 479 1865 933 1957; baseline -0.009 -21"><span class='ocrx_word' id='word_1_119' title='bbox 479 1883 606 1957; x_wconf 89' lang='lat' dir='ltr'><strong>quoque</strong></span> <span class='ocrx_word' id='word_1_120' title='bbox 625 1867 748 1954; x_wconf 86' lang='lat' dir='ltr'><strong>passim</strong></span> <span class='ocrx_word' id='word_1_121' title='bbox 769 1884 789 1932; x_wconf 87' lang='lat' dir='ltr'><strong>e</strong></span> <span class='ocrx_word' id='word_1_122' title='bbox 809 1865 933 1932; x_wconf 90' lang='lat' dir='ltr'><strong>valeat.</strong></span> 
     </span>
    </p>

    <p class='ocr_par' dir='ltr' id='par_1_6' title="bbox 478 1959 2379 2659">
     <span class='ocr_line' id='line_1_12' title="bbox 630 1959 2248 2071; baseline 0.001 -26"><span class='ocrx_word' id='word_1_123' title='bbox 630 1969 659 2038; x_wconf 68' lang='grc' dir='ltr'><strong>»ς</strong></span> <span class='ocrx_word' id='word_1_124' title='bbox 691 1998 712 2062; x_wconf 64' lang='lat' dir='ltr'><strong>e</strong></span> <span class='ocrx_word' id='word_1_125' title='bbox 737 1999 768 2071; x_wconf 69' lang='lat' dir='ltr'><strong>p</strong></span> <span class='ocrx_word' id='word_1_126' title='bbox 793 2001 851 2068; x_wconf 44' lang='grc' dir='ltr'><strong>-ἥ</strong></span> <span class='ocrx_word' id='word_1_127' title='bbox 868 1983 923 2044; x_wconf 63' lang='grc' dir='ltr'><strong>ε,</strong></span> <span class='ocrx_word' id='word_1_128' title='bbox 954 1959 1023 2067; x_wconf 54' lang='lat'><strong>2.</strong></span> <span class='ocrx_word' id='word_1_129' title='bbox 1067 1982 1245 2068; x_wconf 64' lang='lat' dir='ltr'><strong>nequam</strong></span> <span class='ocrx_word' id='word_1_130' title='bbox 1263 1980 1379 2048; x_wconf 71' lang='lat' dir='ltr'><strong>ntem</strong></span> <span class='ocrx_word' id='word_1_131' title='bbox 1396 1977 1563 2046; x_wconf 69' lang='lat' dir='ltr'><strong>nanosces</strong></span> <span class='ocrx_word' id='word_1_132' title='bbox 1587 1964 1616 2032; x_wconf 71' lang='lat' dir='ltr'><strong>o</strong></span> <span class='ocrx_word' id='word_1_133' title='bbox 1641 1973 1675 2038; x_wconf 81' lang='lat' dir='ltr'><strong>et</strong></span> <span class='ocrx_word' id='word_1_134' title='bbox 1698 1974 2248 2066; x_wconf 70' lang='lat' dir='ltr'><strong>ppronuersnnaneemnerpse</strong></span> 
     </span>
     <span class='ocr_line' id='line_1_13' title="bbox 480 2082 2248 2187; baseline -0.005 -15"><span class='ocrx_word' id='word_1_135' title='bbox 480 2103 567 2172; x_wconf 91' lang='lat' dir='ltr'><strong>enirn</strong></span> <span class='ocrx_word' id='word_1_136' title='bbox 588 2101 735 2187; x_wconf 88' lang='lat' dir='ltr'><strong>Boppius</strong></span> <span class='ocrx_word' id='word_1_137' title='bbox 756 2098 853 2186; x_wconf 88' lang='lat' dir='ltr'><strong>vidit,</strong></span> <span class='ocrx_word' id='word_1_138' title='bbox 872 2097 990 2166; x_wconf 89' lang='lat' dir='ltr'><strong>iisdem</strong></span> <span class='ocrx_word' id='word_1_139' title='bbox 1015 2099 1049 2166; x_wconf 94' lang='lat' dir='ltr'><strong>in</strong></span> <span class='ocrx_word' id='word_1_140' title='bbox 1075 2098 1244 2166; x_wconf 78' lang='lat' dir='ltr'><strong>vocabulis</strong></span> <span class='ocrx_word' id='word_1_141' title='bbox 1272 2096 1410 2185; x_wconf 92' lang='lat' dir='ltr'><strong>reperiri</strong></span> <span class='ocrx_word' id='word_1_142' title='bbox 1439 2082 1570 2162; x_wconf 52' lang='lat' dir='ltr'><strong>aliosi</strong></span> <span class='ocrx_word' id='word_1_143' title='bbox 1602 2095 1685 2162; x_wconf 85' lang='lat' dir='ltr'><strong>alins</strong></span> <span class='ocrx_word' id='word_1_144' title='bbox 1718 2109 1760 2182; x_wconf 65' lang='lat' dir='ltr'><strong>p,</strong></span> <span class='ocrx_word' id='word_1_145' title='bbox 1783 2110 1981 2181; x_wconf 88' lang='lat' dir='ltr'><strong>quae,quum</strong></span> <span class='ocrx_word' id='word_1_146' title='bbox 1994 2095 2057 2160; x_wconf 88' lang='lat' dir='ltr'><strong>sibi</strong></span> <span class='ocrx_word' id='word_1_147' title='bbox 2070 2095 2248 2163; x_wconf 89' lang='lat' dir='ltr'><strong>simillimae</strong></span> 
     </span>
     <span class='ocr_line' id='line_1_14' title="bbox 479 2197 2248 2308; baseline -0.003 -21"><span class='ocrx_word' id='word_1_148' title='bbox 479 2220 671 2307; x_wconf 77' lang='lat' dir='ltr'><strong>appareant,</strong></span> <span class='ocrx_word' id='word_1_149' title='bbox 692 2235 752 2302; x_wconf 90' lang='lat' dir='ltr'><strong>pro</strong></span> <span class='ocrx_word' id='word_1_150' title='bbox 771 2215 976 2283; x_wconf 86' lang='lat' dir='ltr'><strong>variantibus</strong></span> <span class='ocrx_word' id='word_1_151' title='bbox 997 2214 1192 2308; x_wconf 81' lang='lat' dir='ltr'><strong>habeantur,</strong></span> <span class='ocrx_word' id='word_1_152' title='bbox 1214 2231 1355 2281; x_wconf 85' lang='lat' dir='ltr'><strong>neeesse</strong></span> <span class='ocrx_word' id='word_1_153' title='bbox 1377 2217 1440 2280; x_wconf 80' lang='lat' dir='ltr'><strong>est</strong></span> <span class='ocrx_word' id='word_1_154' title='bbox 1462 2211 1643 2279; x_wconf 83' lang='lat' dir='ltr'><strong>Zendieum</strong></span> <span class='ocrx_word' id='word_1_155' title='bbox 1667 2197 1712 2292; x_wconf 68' lang='grc'><strong>»5,</strong></span> <span class='ocrx_word' id='word_1_156' title='bbox 1726 2210 1811 2297; x_wconf 91' lang='lat' dir='ltr'><strong>quod</strong></span> <span class='ocrx_word' id='word_1_157' title='bbox 1823 2210 1920 2276; x_wconf 82' lang='lat' dir='ltr'><strong>Persi</strong></span> <span class='ocrx_word' id='word_1_158' title='bbox 1930 2211 2000 2295; x_wconf 81' lang='lat' dir='ltr'><strong>pho</strong></span> <span class='ocrx_word' id='word_1_159' title='bbox 2012 2212 2136 2299; x_wconf 89' lang='lat' dir='ltr'><strong>pariter</strong></span> <span class='ocrx_word' id='word_1_160' title='bbox 2153 2218 2248 2300; x_wconf 88' lang='lat' dir='ltr'><strong>atque</strong></span> 
     </span>
     <span class='ocr_line' id='line_1_15' title="bbox 478 2326 2248 2426; baseline -0.005 -22"><span class='ocrx_word' id='word_1_161' title='bbox 478 2353 510 2426; x_wconf 62' lang='lat' dir='ltr'><strong>,p</strong></span> <span class='ocrx_word' id='word_1_162' title='bbox 531 2337 702 2418; x_wconf 72' lang='lat' dir='ltr'><strong>romunt,</strong></span> <span class='ocrx_word' id='word_1_163' title='bbox 722 2329 874 2417; x_wconf 90' lang='lat' dir='ltr'><strong>quodque</strong></span> <span class='ocrx_word' id='word_1_164' title='bbox 895 2331 1051 2420; x_wconf 88' lang='lat' dir='ltr'><strong>Anquetil</strong></span> <span class='ocrx_word' id='word_1_165' title='bbox 1072 2350 1129 2415; x_wconf 77' lang='lat' dir='ltr'><strong>rap,</strong></span> <span class='ocrx_word' id='word_1_166' title='bbox 1149 2331 1204 2396; x_wconf 88' lang='lat' dir='ltr'><strong>alii</strong></span> <span class='ocrx_word' id='word_1_167' title='bbox 1222 2329 1269 2415; x_wconf 83' lang='lat' dir='ltr'><strong>pb</strong></span> <span class='ocrx_word' id='word_1_168' title='bbox 1290 2329 1516 2416; x_wconf 79' lang='lat' dir='ltr'><strong>pronuncient,</strong></span> <span class='ocrx_word' id='word_1_169' title='bbox 1537 2329 1682 2414; x_wconf 81' lang='lat' dir='ltr'><strong>proiecto</strong></span> <span class='ocrx_word' id='word_1_170' title='bbox 1703 2326 1814 2394; x_wconf 89' lang='lat' dir='ltr'><strong>habitu</strong></span> <span class='ocrx_word' id='word_1_171' title='bbox 1836 2347 1896 2394; x_wconf 88' lang='lat' dir='ltr'><strong>sno</strong></span> <span class='ocrx_word' id='word_1_172' title='bbox 1913 2327 2092 2415; x_wconf 85' lang='lat' dir='ltr'><strong>respondet</strong></span> <span class='ocrx_word' id='word_1_173' title='bbox 2111 2329 2248 2396; x_wconf 87' lang='lat' dir='ltr'><strong>Persico</strong></span> 
     </span>
     <span class='ocr_line' id='line_1_16' title="bbox 479 2444 2244 2537; baseline -0.003 -20"><span class='ocrx_word' id='word_1_174' title='bbox 479 2455 545 2528; x_wconf 61' lang='grc' dir='ltr'><strong>ὲ.</strong></span> <span class='ocrx_word' id='word_1_175' title='bbox 588 2448 778 2517; x_wconf 87' lang='lat' dir='ltr'><strong>Pehiuioum</strong></span> <span class='ocrx_word' id='word_1_176' title='bbox 810 2461 844 2530; x_wconf 70' lang='grc' dir='ltr'><strong>ρ,</strong></span> <span class='ocrx_word' id='word_1_177' title='bbox 874 2447 961 2536; x_wconf 92' lang='lat' dir='ltr'><strong>qood</strong></span> <span class='ocrx_word' id='word_1_178' title='bbox 981 2448 1140 2537; x_wconf 88' lang='lat' dir='ltr'><strong>Anquetil</strong></span> <span class='ocrx_word' id='word_1_179' title='bbox 1161 2446 1270 2513; x_wconf 87' lang='lat' dir='ltr'><strong>omisit</strong></span> <span class='ocrx_word' id='word_1_180' title='bbox 1290 2465 1350 2513; x_wconf 88' lang='lat' dir='ltr'><strong>suo</strong></span> <span class='ocrx_word' id='word_1_181' title='bbox 1370 2445 1405 2512; x_wconf 90' lang='lat' dir='ltr'><strong>in</strong></span> <span class='ocrx_word' id='word_1_182' title='bbox 1425 2445 1589 2513; x_wconf 86' lang='lat' dir='ltr'><strong>literarum</strong></span> <span class='ocrx_word' id='word_1_183' title='bbox 1612 2445 1771 2532; x_wconf 81' lang='lat' dir='ltr'><strong>catalogo,</strong></span> <span class='ocrx_word' id='word_1_184' title='bbox 1784 2446 1940 2514; x_wconf 86' lang='lat' dir='ltr'><strong>exstutin</strong></span> <span class='ocrx_word' id='word_1_185' title='bbox 1952 2446 2127 2533; x_wconf 83' lang='lat' dir='ltr'><strong>specimine</strong></span> <span class='ocrx_word' id='word_1_186' title='bbox 2140 2444 2244 2514; x_wconf 88' lang='lat' dir='ltr'><strong>Pehl-</strong></span> 
     </span>
     <span class='ocr_line' id='line_1_17' title="bbox 480 2559 2379 2659; baseline -0.006 -22"><span class='ocrx_word' id='word_1_187' title='bbox 480 2571 556 2642; x_wconf 90' lang='lat' dir='ltr'><strong>vieo</strong></span> <span class='ocrx_word' id='word_1_188' title='bbox 576 2564 806 2654; x_wconf 87' lang='lat' dir='ltr'><strong>Anquetiliano</strong></span> <span class='ocrx_word' id='word_1_189' title='bbox 828 2569 927 2652; x_wconf 90' lang='lat' dir='ltr'><strong>atque</strong></span> <span class='ocrx_word' id='word_1_190' title='bbox 947 2563 1034 2653; x_wconf 88' lang='lat' dir='ltr'><strong>apud</strong></span> <span class='ocrx_word' id='word_1_191' title='bbox 1056 2563 1161 2631; x_wconf 89' lang='lat' dir='ltr'><strong>Wahl</strong></span> <span class='ocrx_word' id='word_1_192' title='bbox 1183 2562 1305 2630; x_wconf 86' lang='lat' dir='ltr'><strong>Geseh.</strong></span> <span class='ocrx_word' id='word_1_193' title='bbox 1328 2562 1360 2629; x_wconf 92' lang='lat' dir='ltr'><strong>d.</strong></span> <span class='ocrx_word' id='word_1_194' title='bbox 1381 2562 1536 2648; x_wconf 82' lang='lat' dir='ltr'><strong>morgenl.</strong></span> <span class='ocrx_word' id='word_1_195' title='bbox 1559 2559 1637 2648; x_wconf 85' lang='lat' dir='ltr'><strong>Spr.</strong></span> <span class='ocrx_word' id='word_1_196' title='bbox 1661 2561 1743 2629; x_wconf 84' lang='lat' dir='ltr'><strong>Tab.</strong></span> <span class='ocrx_word' id='word_1_197' title='bbox 1768 2561 1808 2630; x_wconf 87' lang='lat' dir='ltr'><strong>V.</strong></span> <span class='ocrx_word' id='word_1_198' title='bbox 2378 2655 2379 2659; x_wconf 7' lang='grc' dir='ltr'><strong>Ἰ</strong></span> 
     </span>
    </p>

    <p class='ocr_par' dir='ltr' id='par_1_7' title="bbox 481 2674 2381 3387">
     <span class='ocr_line' id='line_1_18' title="bbox 633 2679 2379 2788; baseline -0.002 -22"><span class='ocrx_word' id='word_1_199' title='bbox 633 2689 714 2775; x_wconf 65' lang='grc' dir='ltr'><strong>,ὤὲ</strong></span> <span class='ocrx_word' id='word_1_200' title='bbox 740 2717 792 2749; x_wconf 89' lang='grc'><em>·-··-</em></span> <span class='ocrx_word' id='word_1_201' title='bbox 815 2679 887 2772; x_wconf 65' lang='grc' dir='ltr'><strong>ξ.</strong></span> <span class='ocrx_word' id='word_1_202' title='bbox 952 2694 1055 2779; x_wconf 79' lang='lat' dir='ltr'><strong>Quum</strong></span> <span class='ocrx_word' id='word_1_203' title='bbox 1075 2696 1162 2764; x_wconf 90' lang='lat' dir='ltr'><strong>enim</strong></span> <span class='ocrx_word' id='word_1_204' title='bbox 1183 2683 1216 2758; x_wconf 71' lang='grc' dir='ltr'>ὤ</span> <span class='ocrx_word' id='word_1_205' title='bbox 1229 2681 1335 2784; x_wconf 65' lang='lat' dir='ltr'><strong>apd</strong></span> <span class='ocrx_word' id='word_1_206' title='bbox 1356 2694 1485 2763; x_wconf 78' lang='lat' dir='ltr'><strong>differat</strong></span> <span class='ocrx_word' id='word_1_207' title='bbox 1517 2695 1591 2763; x_wconf 85' lang='lat' dir='ltr'><strong>sola</strong></span> <span class='ocrx_word' id='word_1_208' title='bbox 1620 2694 1741 2762; x_wconf 89' lang='lat' dir='ltr'><strong>lineola</strong></span> <span class='ocrx_word' id='word_1_209' title='bbox 1767 2695 1854 2762; x_wconf 81' lang='lat' dir='ltr'><strong>finali</strong></span> <span class='ocrx_word' id='word_1_210' title='bbox 1876 2695 2056 2788; x_wconf 77' lang='lat' dir='ltr'><strong>diarritica,</strong></span> <span class='ocrx_word' id='word_1_211' title='bbox 2085 2687 2247 2766; x_wconf 65' lang='lat' dir='ltr'><strong>enters</strong></span> <span class='ocrx_word' id='word_1_212' title='bbox 2375 2751 2379 2777; x_wconf 83' lang='grc'>,</span> 
     </span>
     <span class='ocr_line' id='line_1_19' title="bbox 481 2786 2380 2907; baseline 0 -21"><span class='ocrx_word' id='word_1_213' title='bbox 481 2817 683 2907; x_wconf 86' lang='lat' dir='ltr'><strong>respondere</strong></span> <span class='ocrx_word' id='word_1_214' title='bbox 709 2795 775 2881; x_wconf 61' lang='lat' dir='ltr'><strong>[fa</strong></span> <span class='ocrx_word' id='word_1_215' title='bbox 818 2813 928 2882; x_wconf 79' lang='lat' dir='ltr'><strong>Etiam</strong></span> <span class='ocrx_word' id='word_1_216' title='bbox 949 2815 1032 2883; x_wconf 88' lang='lat' dir='ltr'><strong>haee</strong></span> <span class='ocrx_word' id='word_1_217' title='bbox 1052 2815 1149 2886; x_wconf 87' lang='lat' dir='ltr'><strong>litera</strong></span> <span class='ocrx_word' id='word_1_218' title='bbox 1168 2812 1254 2902; x_wconf 88' lang='lat' dir='ltr'><strong>apud</strong></span> <span class='ocrx_word' id='word_1_219' title='bbox 1275 2812 1484 2878; x_wconf 89' lang='lat' dir='ltr'><strong>Niebuhriom</strong></span> <span class='ocrx_word' id='word_1_220' title='bbox 1504 2811 1550 2878; x_wconf 84' lang='lat' dir='ltr'><strong>lta</strong></span> <span class='ocrx_word' id='word_1_221' title='bbox 1570 2810 1737 2898; x_wconf 89' lang='lat' dir='ltr'><strong>appellata</strong></span> <span class='ocrx_word' id='word_1_222' title='bbox 1757 2808 1865 2879; x_wconf 76' lang='lat' dir='ltr'><strong>differt</strong></span> <span class='ocrx_word' id='word_1_223' title='bbox 1885 2800 2248 2897; x_wconf 58' lang='lat' dir='ltr'><strong>adglutinentur</strong></span> <span class='ocrx_word' id='word_1_224' title='bbox 2375 2786 2380 2865; x_wconf 33' lang='lat' dir='ltr'><strong>&#39;a</strong></span> 
     </span>
     <span class='ocr_line' id='line_1_20' title="bbox 482 2907 2250 3026; baseline 0 -22"><span class='ocrx_word' id='word_1_225' title='bbox 482 2907 661 3004; x_wconf 79' lang='lat' dir='ltr'><strong>dioeritiea.</strong></span> <span class='ocrx_word' id='word_1_226' title='bbox 706 2928 861 3011; x_wconf 79' lang='lat' dir='ltr'><strong>Ceterum</strong></span> <span class='ocrx_word' id='word_1_227' title='bbox 883 2931 990 3019; x_wconf 87' lang='lat' dir='ltr'><strong>Bopp,</strong></span> <span class='ocrx_word' id='word_1_228' title='bbox 1009 2929 1158 3008; x_wconf 82' lang='lat' dir='ltr'><strong>Burnouf</strong></span> <span class='ocrx_word' id='word_1_229' title='bbox 1173 2929 1292 3015; x_wconf 85' lang='lat' dir='ltr'><strong>aliique</strong></span> <span class='ocrx_word' id='word_1_230' title='bbox 1312 2915 1345 2990; x_wconf 71' lang='grc' dir='ltr'>ὤ</span> <span class='ocrx_word' id='word_1_231' title='bbox 1365 2945 1485 2995; x_wconf 87' lang='lat' dir='ltr'><strong>sonare</strong></span> <span class='ocrx_word' id='word_1_232' title='bbox 1506 2927 1529 2994; x_wconf 88' lang='lat' dir='ltr'><strong>lr</strong></span> <span class='ocrx_word' id='word_1_233' title='bbox 1547 2909 1610 2989; x_wconf 60' lang='grc' dir='ltr'>Ξ</span> <span class='ocrx_word' id='word_1_234' title='bbox 1631 2927 1870 2994; x_wconf 84' lang='lat' dir='ltr'><strong>intellexerunt.</strong></span> <span class='ocrx_word' id='word_1_235' title='bbox 1914 2929 2100 3003; x_wconf 87' lang='lat' dir='ltr'><strong>Pehluicom</strong></span> <span class='ocrx_word' id='word_1_236' title='bbox 2116 2927 2145 2990; x_wconf 71' lang='lat'><strong>-3</strong></span> <span class='ocrx_word' id='word_1_237' title='bbox 2159 2955 2250 3026; x_wconf 91' lang='lat' dir='ltr'><strong>vero,</strong></span> 
     </span>
     <span class='ocr_line' id='line_1_21' title="bbox 482 3022 2247 3140; baseline -0.001 -23"><span class='ocrx_word' id='word_1_238' title='bbox 482 3048 570 3138; x_wconf 91' lang='lat' dir='ltr'><strong>quod</strong></span> <span class='ocrx_word' id='word_1_239' title='bbox 590 3047 688 3124; x_wconf 77' lang='lat' dir='ltr'><strong>Persi</strong></span> <span class='ocrx_word' id='word_1_240' title='bbox 709 3045 888 3114; x_wconf 91' lang='lat' dir='ltr'><strong>Niebuhrio</strong></span> <span class='ocrx_word' id='word_1_241' title='bbox 907 3046 977 3131; x_wconf 77' lang='lat' dir='ltr'><strong>pos</strong></span> <span class='ocrx_word' id='word_1_242' title='bbox 992 3051 1150 3114; x_wconf 86' lang='lat' dir='ltr'><strong>vocarunt</strong></span> <span class='ocrx_word' id='word_1_243' title='bbox 1170 3046 1221 3112; x_wconf 92' lang='lat' dir='ltr'><strong>vti</strong></span> <span class='ocrx_word' id='word_1_244' title='bbox 1242 3029 1356 3124; x_wconf 59' lang='lat' dir='ltr'><strong>,sl-e</strong></span> <span class='ocrx_word' id='word_1_245' title='bbox 1381 3061 1434 3094; x_wconf 88' lang='lat'><em>=</em></span> <span class='ocrx_word' id='word_1_246' title='bbox 1456 3022 1523 3132; x_wconf 63' lang='grc' dir='ltr'><strong>Ξ,</strong></span> <span class='ocrx_word' id='word_1_247' title='bbox 1543 3042 1644 3110; x_wconf 92' lang='lat' dir='ltr'><strong>habet</strong></span> <span class='ocrx_word' id='word_1_248' title='bbox 1665 3064 1723 3130; x_wconf 89' lang='lat' dir='ltr'><strong>pro</strong></span> <span class='ocrx_word' id='word_1_249' title='bbox 1747 3044 1913 3115; x_wconf 89' lang='lat' dir='ltr'><strong>diaeritioo</strong></span> <span class='ocrx_word' id='word_1_250' title='bbox 1934 3066 1991 3114; x_wconf 89' lang='lat' dir='ltr'><strong>suo</strong></span> <span class='ocrx_word' id='word_1_251' title='bbox 2012 3054 2150 3140; x_wconf 79' lang='lat' dir='ltr'><strong>puueta3</strong></span> <span class='ocrx_word' id='word_1_252' title='bbox 2173 3053 2247 3138; x_wconf 89' lang='lat' dir='ltr'><strong>qni-</strong></span> 
     </span>
     <span class='ocr_line' id='line_1_22' title="bbox 481 3141 2381 3254; baseline 0.001 -22"><span class='ocrx_word' id='word_1_253' title='bbox 481 3167 543 3242; x_wconf 86' lang='lat' dir='ltr'><strong>bus</strong></span> <span class='ocrx_word' id='word_1_254' title='bbox 581 3165 754 3234; x_wconf 87' lang='lat' dir='ltr'><strong>etiamnum</strong></span> <span class='ocrx_word' id='word_1_255' title='bbox 783 3141 839 3236; x_wconf 64' lang='grc' dir='ltr'><strong>ἷξε</strong></span> <span class='ocrx_word' id='word_1_256' title='bbox 868 3164 968 3229; x_wconf 62' lang='grc' dir='ltr'><strong>δὲ</strong></span> <span class='ocrx_word' id='word_1_257' title='bbox 989 3149 1251 3252; x_wconf 84' lang='lat' dir='ltr'><strong>distinguendum</strong></span> <span class='ocrx_word' id='word_1_258' title='bbox 1271 3159 1404 3254; x_wconf 83' lang='lat' dir='ltr'><strong>gaudet.</strong></span> <span class='ocrx_word' id='word_1_259' title='bbox 1455 3159 1548 3246; x_wconf 76' lang='lat' dir='ltr'><strong>Quae</strong></span> <span class='ocrx_word' id='word_1_260' title='bbox 1569 3167 1690 3252; x_wconf 88' lang='lat' dir='ltr'><strong>puncta</strong></span> <span class='ocrx_word' id='word_1_261' title='bbox 1710 3161 1857 3236; x_wconf 78' lang='lat' dir='ltr'><strong>zendioe</strong></span> <span class='ocrx_word' id='word_1_262' title='bbox 1878 3163 1996 3234; x_wconf 88' lang='lat' dir='ltr'><strong>lineola</strong></span> <span class='ocrx_word' id='word_1_263' title='bbox 2007 3164 2160 3251; x_wconf 87' lang='lat' dir='ltr'><strong>imposita</strong></span> <span class='ocrx_word' id='word_1_264' title='bbox 2183 3186 2248 3234; x_wconf 86' lang='lat' dir='ltr'><strong>ex·</strong></span> <span class='ocrx_word' id='word_1_265' title='bbox 2380 3201 2381 3210; x_wconf 23' lang='grc' dir='ltr'><strong>κ</strong></span> 
     </span>
     <span class='ocr_line' id='line_1_23' title="bbox 481 3261 1842 3387; baseline -0.003 -37"><span class='ocrx_word' id='word_1_266' title='bbox 481 3283 576 3380; x_wconf 89' lang='lat' dir='ltr'><strong>primi</strong></span> <span class='ocrx_word' id='word_1_267' title='bbox 597 3283 761 3356; x_wconf 81' lang='lat' dir='ltr'><strong>videntur.</strong></span> <span class='ocrx_word' id='word_1_268' title='bbox 993 3379 996 3387; x_wconf 29' lang='grc' dir='ltr'>Ι</span> <span class='ocrx_word' id='word_1_269' title='bbox 1834 3261 1842 3274; x_wconf 74' lang='grc'><em>’</em></span> 
     </span>
    </p>

    <p class='ocr_par' dir='ltr' id='par_1_8' title="bbox 632 3378 2245 3506">
     <span class='ocr_line' id='line_1_24' title="bbox 632 3378 2245 3506; baseline 0.004 -28"><span class='ocrx_word' id='word_1_270' title='bbox 632 3380 657 3478; x_wconf 63' lang='lat'><strong>3</strong></span> <span class='ocrx_word' id='word_1_271' title='bbox 682 3378 704 3469; x_wconf 66' lang='lat'>3</span> <span class='ocrx_word' id='word_1_272' title='bbox 729 3434 782 3468; x_wconf 87' lang='lat'><em>=</em></span> <span class='ocrx_word' id='word_1_273' title='bbox 816 3403 841 3489; x_wconf 73' lang='lat' dir='ltr'><strong>d</strong></span> <span class='ocrx_word' id='word_1_274' title='bbox 871 3395 916 3500; x_wconf 69' lang='lat' dir='ltr'><strong>J.</strong></span> <span class='ocrx_word' id='word_1_275' title='bbox 960 3411 1051 3497; x_wconf 80' lang='lat' dir='ltr'><strong>Quas</strong></span> <span class='ocrx_word' id='word_1_276' title='bbox 1062 3413 1175 3483; x_wconf 89' lang='lat' dir='ltr'><strong>literas</strong></span> <span class='ocrx_word' id='word_1_277' title='bbox 1186 3414 1322 3484; x_wconf 84' lang='lat' dir='ltr'><strong>Persico</strong></span> <span class='ocrx_word' id='word_1_278' title='bbox 1344 3419 1379 3482; x_wconf 90' lang='lat' dir='ltr'><strong>et</strong></span> <span class='ocrx_word' id='word_1_279' title='bbox 1394 3413 1504 3483; x_wconf 83' lang='lat' dir='ltr'><strong>cunco</strong></span> <span class='ocrx_word' id='word_1_280' title='bbox 1520 3414 1534 3482; x_wconf 86' lang='lat' dir='ltr'><strong>l</strong></span> <span class='ocrx_word' id='word_1_281' title='bbox 1552 3415 1764 3506; x_wconf 88' lang='lat' dir='ltr'><strong>respondere,</strong></span> <span class='ocrx_word' id='word_1_282' title='bbox 1776 3436 1843 3484; x_wconf 91' lang='lat' dir='ltr'><strong>non</strong></span> <span class='ocrx_word' id='word_1_283' title='bbox 1861 3424 1939 3504; x_wconf 83' lang='lat' dir='ltr'><strong>eget</strong></span> <span class='ocrx_word' id='word_1_284' title='bbox 1959 3418 2245 3488; x_wconf 83' lang='lat' dir='ltr'><strong>demonstratione.</strong></span> 
     </span>
    </p>
   </div>
   <div class='ocr_carea' id='block_1_6' title="bbox 483 3494 2251 3740">
    <p class='ocr_par' dir='ltr' id='par_1_9' title="bbox 483 3494 2251 3740">
     <span class='ocr_line' id='line_1_25' title="bbox 483 3494 2249 3648; baseline 0.002 -48"><span class='ocrx_word' id='word_1_285' title='bbox 483 3533 617 3600; x_wconf 78' lang='lat' dir='ltr'><strong>Etenim</strong></span> <span class='ocrx_word' id='word_1_286' title='bbox 638 3494 660 3584; x_wconf 58' lang='lat'>3</span> <span class='ocrx_word' id='word_1_287' title='bbox 686 3531 720 3590; x_wconf 78' lang='lat' dir='ltr'><strong>et</strong></span> <span class='ocrx_word' id='word_1_288' title='bbox 746 3496 779 3612; x_wconf 57' lang='lat'><strong>3,</strong></span> <span class='ocrx_word' id='word_1_289' title='bbox 801 3551 885 3618; x_wconf 88' lang='lat' dir='ltr'><strong>quae</strong></span> <span class='ocrx_word' id='word_1_290' title='bbox 907 3532 1031 3598; x_wconf 89' lang='lat' dir='ltr'><strong>diserte</strong></span> <span class='ocrx_word' id='word_1_291' title='bbox 1050 3531 1210 3618; x_wconf 87' lang='lat' dir='ltr'><strong>Niebuhr,</strong></span> <span class='ocrx_word' id='word_1_292' title='bbox 1228 3530 1388 3619; x_wconf 84' lang='lat' dir='ltr'><strong>Anquetil</strong></span> <span class='ocrx_word' id='word_1_293' title='bbox 1410 3537 1446 3598; x_wconf 89' lang='lat' dir='ltr'><strong>et</strong></span> <span class='ocrx_word' id='word_1_294' title='bbox 1467 3529 1611 3600; x_wconf 80' lang='lat' dir='ltr'><strong>Chardin</strong></span> <span class='ocrx_word' id='word_1_295' title='bbox 1631 3533 1818 3648; x_wconf 51' lang='lat' dir='ltr'><strong>bbvooant</strong></span> <span class='ocrx_word' id='word_1_296' title='bbox 1844 3541 1944 3622; x_wconf 90' lang='lat' dir='ltr'><strong>atque</strong></span> <span class='ocrx_word' id='word_1_297' title='bbox 1965 3555 2036 3604; x_wconf 86' lang='lat' dir='ltr'><strong>eum</strong></span> <span class='ocrx_word' id='word_1_298' title='bbox 2059 3522 2084 3608; x_wconf 71' lang='grc' dir='ltr'><em>ό</em></span> <span class='ocrx_word' id='word_1_299' title='bbox 2116 3555 2249 3625; x_wconf 87' lang='lat' dir='ltr'><strong>eompa-</strong></span> 
     </span>
     <span class='ocr_line' id='line_1_26' title="bbox 483 3632 2251 3740; baseline 0.002 -24"><span class='ocrx_word' id='word_1_300' title='bbox 483 3654 570 3735; x_wconf 88' lang='lat' dir='ltr'><strong>rant,</strong></span> <span class='ocrx_word' id='word_1_301' title='bbox 597 3647 716 3713; x_wconf 88' lang='lat' dir='ltr'><strong>literae</strong></span> <span class='ocrx_word' id='word_1_302' title='bbox 743 3632 768 3718; x_wconf 70' lang='grc' dir='ltr'><em>δ</em></span> <span class='ocrx_word' id='word_1_303' title='bbox 780 3648 876 3733; x_wconf 87' lang='lat' dir='ltr'><strong>plane</strong></span> <span class='ocrx_word' id='word_1_304' title='bbox 897 3647 1065 3733; x_wconf 86' lang='lat' dir='ltr'><strong>quadrant</strong></span> <span class='ocrx_word' id='word_1_305' title='bbox 1129 3649 1203 3715; x_wconf 88' lang='lat' dir='ltr'><strong>lloe</strong></span> <span class='ocrx_word' id='word_1_306' title='bbox 1223 3667 1323 3714; x_wconf 91' lang='lat' dir='ltr'><strong>vnum</strong></span> <span class='ocrx_word' id='word_1_307' title='bbox 1343 3647 1522 3737; x_wconf 90' lang='lat' dir='ltr'><strong>obileietur,</strong></span> <span class='ocrx_word' id='word_1_308' title='bbox 1546 3665 1566 3715; x_wconf 92' lang='lat' dir='ltr'><strong>e</strong></span> <span class='ocrx_word' id='word_1_309' title='bbox 1587 3650 1752 3715; x_wconf 87' lang='lat' dir='ltr'><strong>sententia</strong></span> <span class='ocrx_word' id='word_1_310' title='bbox 1774 3650 2251 3740; x_wconf 83' lang='lat' dir='ltr'><strong>vulgariZendioamsoriptu·</strong></span> 
     </span>
    </p>
   </div>
   <div class='ocr_carea' id='block_1_7' title="bbox 380 3763 2253 3860">
    <p class='ocr_par' dir='ltr' id='par_1_10' title="bbox 380 3763 2253 3860">
     <span class='ocr_line' id='line_1_27' title="bbox 380 3763 2253 3860; baseline 0.002 -28"><span class='ocrx_word' id='word_1_311' title='bbox 380 3826 387 3837; x_wconf 86' lang='grc'><strong><em>,</em></strong></span> <span class='ocrx_word' id='word_1_312' title='bbox 438 3811 443 3824; x_wconf 84' lang='grc'><em>.</em></span> <span class='ocrx_word' id='word_1_313' title='bbox 484 3785 556 3860; x_wconf 73' lang='lat' dir='ltr'><strong>ram</strong></span> <span class='ocrx_word' id='word_1_314' title='bbox 576 3764 672 3831; x_wconf 86' lang='lat' dir='ltr'><strong>litera</strong></span> <span class='ocrx_word' id='word_1_315' title='bbox 693 3763 707 3828; x_wconf 87' lang='lat' dir='ltr'><strong>l</strong></span> <span class='ocrx_word' id='word_1_316' title='bbox 726 3781 849 3829; x_wconf 79' lang='lat' dir='ltr'><strong>carere.</strong></span> <span class='ocrx_word' id='word_1_317' title='bbox 892 3764 941 3830; x_wconf 80' lang='lat' dir='ltr'><strong>At</strong></span> <span class='ocrx_word' id='word_1_318' title='bbox 961 3769 1092 3830; x_wconf 86' lang='lat' dir='ltr'><strong>constat</strong></span> <span class='ocrx_word' id='word_1_319' title='bbox 1110 3763 1198 3830; x_wconf 91' lang='lat' dir='ltr'><strong>inter</strong></span> <span class='ocrx_word' id='word_1_320' title='bbox 1219 3781 1343 3854; x_wconf 88' lang='lat' dir='ltr'><strong>omues,</strong></span> <span class='ocrx_word' id='word_1_321' title='bbox 1363 3763 1482 3830; x_wconf 90' lang='lat' dir='ltr'><strong>nullam</strong></span> <span class='ocrx_word' id='word_1_322' title='bbox 1502 3783 1581 3831; x_wconf 86' lang='lat' dir='ltr'><strong>esse</strong></span> <span class='ocrx_word' id='word_1_323' title='bbox 1594 3783 1654 3851; x_wconf 90' lang='lat' dir='ltr'><strong>per</strong></span> <span class='ocrx_word' id='word_1_324' title='bbox 1675 3771 1777 3831; x_wconf 87' lang='lat' dir='ltr'><strong>totum</strong></span> <span class='ocrx_word' id='word_1_325' title='bbox 1798 3767 2078 3836; x_wconf 89' lang='lat' dir='ltr'><strong>terraromorbem</strong></span> <span class='ocrx_word' id='word_1_326' title='bbox 2097 3769 2253 3858; x_wconf 86' lang='lat' dir='ltr'><strong>linguam,</strong></span> 
     </span>
    </p>
   </div>
   <div class='ocr_carea' id='block_1_8' title="bbox 482 3879 2260 4667">
    <p class='ocr_par' dir='ltr' id='par_1_11' title="bbox 482 3879 2260 4667">
     <span class='ocr_line' id='line_1_28' title="bbox 484 3879 2253 3972; baseline 0.004 -22"><span class='ocrx_word' id='word_1_327' title='bbox 484 3883 563 3970; x_wconf 89' lang='lat' dir='ltr'><strong>quin</strong></span> <span class='ocrx_word' id='word_1_328' title='bbox 584 3900 697 3948; x_wconf 90' lang='lat' dir='ltr'><strong>sonum</strong></span> <span class='ocrx_word' id='word_1_329' title='bbox 718 3881 731 3946; x_wconf 88' lang='lat' dir='ltr'><strong>l</strong></span> <span class='ocrx_word' id='word_1_330' title='bbox 750 3880 887 3972; x_wconf 78' lang='lat' dir='ltr'><strong>habeat3</strong></span> <span class='ocrx_word' id='word_1_331' title='bbox 909 3899 1009 3968; x_wconf 90' lang='lat' dir='ltr'><strong>quare</strong></span> <span class='ocrx_word' id='word_1_332' title='bbox 1029 3899 1142 3968; x_wconf 91' lang='lat' dir='ltr'><strong>parum</strong></span> <span class='ocrx_word' id='word_1_333' title='bbox 1164 3880 1340 3969; x_wconf 85' lang='lat' dir='ltr'><strong>probabile,</strong></span> <span class='ocrx_word' id='word_1_334' title='bbox 1360 3879 1485 3948; x_wconf 87' lang='lat' dir='ltr'><strong>Persas</strong></span> <span class='ocrx_word' id='word_1_335' title='bbox 1506 3881 1658 3969; x_wconf 86' lang='lat' dir='ltr'><strong>antiquos</strong></span> <span class='ocrx_word' id='word_1_336' title='bbox 1679 3882 1692 3947; x_wconf 88' lang='lat' dir='ltr'><strong>l</strong></span> <span class='ocrx_word' id='word_1_337' title='bbox 1711 3881 1809 3970; x_wconf 90' lang='lat' dir='ltr'><strong>plane</strong></span> <span class='ocrx_word' id='word_1_338' title='bbox 1830 3883 1989 3967; x_wconf 82' lang='lat' dir='ltr'><strong>caruisse,</strong></span> <span class='ocrx_word' id='word_1_339' title='bbox 2017 3887 2159 3959; x_wconf 85' lang='lat' dir='ltr'><strong>maxime</strong></span> <span class='ocrx_word' id='word_1_340' title='bbox 2181 3909 2253 3957; x_wconf 85' lang='lat' dir='ltr'><strong>oum</strong></span> 
     </span>
     <span class='ocr_line' id='line_1_29' title="bbox 484 3995 2255 4096; baseline 0.005 -30"><span class='ocrx_word' id='word_1_341' title='bbox 484 3998 729 4066; x_wconf 67' lang='lat' dir='ltr'><strong>tennemonn</strong></span> <span class='ocrx_word' id='word_1_342' title='bbox 757 3999 917 4084; x_wconf 85' lang='lat' dir='ltr'><strong>scriptura</strong></span> <span class='ocrx_word' id='word_1_343' title='bbox 945 3997 1207 4086; x_wconf 81' lang='lat' dir='ltr'><strong>frequentissime</strong></span> <span class='ocrx_word' id='word_1_344' title='bbox 1235 3997 1357 4065; x_wconf 90' lang='lat' dir='ltr'><strong>veniat.</strong></span> <span class='ocrx_word' id='word_1_345' title='bbox 1427 3995 1560 4066; x_wconf 88' lang='lat' dir='ltr'><strong>Deinde</strong></span> <span class='ocrx_word' id='word_1_346' title='bbox 1587 3997 1761 4086; x_wconf 86' lang='lat' dir='ltr'><strong>Anquetil,</strong></span> <span class='ocrx_word' id='word_1_347' title='bbox 1783 4018 1879 4087; x_wconf 89' lang='lat' dir='ltr'><strong>qoem</strong></span> <span class='ocrx_word' id='word_1_348' title='bbox 1899 4003 2015 4092; x_wconf 89' lang='lat' dir='ltr'><strong>reliqui</strong></span> <span class='ocrx_word' id='word_1_349' title='bbox 2035 4009 2112 4070; x_wconf 88' lang='lat' dir='ltr'><strong>sunt</strong></span> <span class='ocrx_word' id='word_1_350' title='bbox 2132 4007 2255 4096; x_wconf 85' lang='lat' dir='ltr'><strong>secuti,</strong></span> 
     </span>
     <span class='ocr_line' id='line_1_30' title="bbox 482 4113 2260 4205; baseline 0.003 -21"><span class='ocrx_word' id='word_1_351' title='bbox 482 4117 551 4184; x_wconf 84' lang='lat' dir='ltr'><strong>ialli</strong></span> <span class='ocrx_word' id='word_1_352' title='bbox 571 4135 610 4186; x_wconf 89' lang='lat' dir='ltr'><strong>se</strong></span> <span class='ocrx_word' id='word_1_353' title='bbox 631 4135 750 4204; x_wconf 87' lang='lat' dir='ltr'><strong>passus</strong></span> <span class='ocrx_word' id='word_1_354' title='bbox 772 4119 835 4183; x_wconf 90' lang='lat' dir='ltr'><strong>est.</strong></span> <span class='ocrx_word' id='word_1_355' title='bbox 878 4115 916 4180; x_wconf 91' lang='lat' dir='ltr'><strong>ln</strong></span> <span class='ocrx_word' id='word_1_356' title='bbox 938 4115 1169 4200; x_wconf 84' lang='lat' dir='ltr'><strong>speciminibus</strong></span> <span class='ocrx_word' id='word_1_357' title='bbox 1191 4115 1275 4183; x_wconf 88' lang='lat' dir='ltr'><strong>enim</strong></span> <span class='ocrx_word' id='word_1_358' title='bbox 1297 4114 1338 4183; x_wconf 87' lang='lat' dir='ltr'><strong>ab</strong></span> <span class='ocrx_word' id='word_1_359' title='bbox 1359 4116 1432 4202; x_wconf 90' lang='lat' dir='ltr'><strong>ipso</strong></span> <span class='ocrx_word' id='word_1_360' title='bbox 1454 4115 1608 4183; x_wconf 84' lang='lat' dir='ltr'><strong>exhibitis</strong></span> <span class='ocrx_word' id='word_1_361' title='bbox 1628 4135 1661 4204; x_wconf 93' lang='lat' dir='ltr'><strong>p.</strong></span> <span class='ocrx_word' id='word_1_362' title='bbox 1684 4113 1746 4182; x_wconf 80' lang='lat'><strong>7⁷.</strong></span> <span class='ocrx_word' id='word_1_363' title='bbox 1768 4114 1920 4186; x_wconf 90' lang='lat' dir='ltr'><strong>diuersae</strong></span> <span class='ocrx_word' id='word_1_364' title='bbox 1934 4127 2010 4188; x_wconf 89' lang='lat' dir='ltr'><strong>sunt</strong></span> <span class='ocrx_word' id='word_1_365' title='bbox 2022 4120 2147 4198; x_wconf 89' lang='lat' dir='ltr'><strong>literae,</strong></span> <span class='ocrx_word' id='word_1_366' title='bbox 2168 4140 2260 4205; x_wconf 89' lang='lat' dir='ltr'><strong>quas</strong></span> 
     </span>
     <span class='ocr_line' id='line_1_31' title="bbox 483 4197 2258 4324; baseline 0.002 -26"><span class='ocrx_word' id='word_1_367' title='bbox 483 4233 540 4298; x_wconf 90' lang='lat' dir='ltr'><strong>ille</strong></span> <span class='ocrx_word' id='word_1_368' title='bbox 561 4252 672 4299; x_wconf 92' lang='lat' dir='ltr'><strong>omnes</strong></span> <span class='ocrx_word' id='word_1_369' title='bbox 693 4233 788 4298; x_wconf 91' lang='lat' dir='ltr'><strong>litera</strong></span> <span class='ocrx_word' id='word_1_370' title='bbox 809 4251 830 4295; x_wconf 86' lang='lat' dir='ltr'><strong>r</strong></span> <span class='ocrx_word' id='word_1_371' title='bbox 851 4232 1026 4316; x_wconf 81' lang='lat' dir='ltr'><strong>expressit</strong></span> <span class='ocrx_word' id='word_1_372' title='bbox 1090 4230 1182 4298; x_wconf 90' lang='lat' dir='ltr'><strong>Sane</strong></span> <span class='ocrx_word' id='word_1_373' title='bbox 1204 4233 1394 4320; x_wconf 88' lang='lat' dir='ltr'><strong>mirandum,</strong></span> <span class='ocrx_word' id='word_1_374' title='bbox 1417 4232 1628 4318; x_wconf 82' lang='lat' dir='ltr'><strong>Anquetilum</strong></span> <span class='ocrx_word' id='word_1_375' title='bbox 1659 4225 1811 4301; x_wconf 81' lang='lat' dir='ltr'><strong>literas?</strong></span> <span class='ocrx_word' id='word_1_376' title='bbox 1837 4197 1918 4295; x_wconf 48' lang='lat' dir='ltr'><strong>eth</strong></span> <span class='ocrx_word' id='word_1_377' title='bbox 1946 4256 2006 4324; x_wconf 90' lang='lat' dir='ltr'><strong>pro</strong></span> <span class='ocrx_word' id='word_1_378' title='bbox 2040 4231 2157 4299; x_wconf 86' lang='lat' dir='ltr'><strong>iisdem</strong></span> <span class='ocrx_word' id='word_1_379' title='bbox 2187 4235 2258 4308; x_wconf 87' lang='lat' dir='ltr'><strong>ha-</strong></span> 
     </span>
     <span class='ocr_line' id='line_1_32' title="bbox 485 4310 2254 4437; baseline 0.001 -25"><span class='ocrx_word' id='word_1_380' title='bbox 485 4345 608 4413; x_wconf 89' lang='lat' dir='ltr'><strong>buisse.</strong></span> <span class='ocrx_word' id='word_1_381' title='bbox 650 4349 751 4414; x_wconf 83' lang='lat' dir='ltr'><strong>Forte</strong></span> <span class='ocrx_word' id='word_1_382' title='bbox 766 4348 931 4435; x_wconf 57' lang='lat' dir='ltr'><strong>:lnquetili</strong></span> <span class='ocrx_word' id='word_1_383' title='bbox 953 4347 1111 4432; x_wconf 82' lang='lat' dir='ltr'><strong>magister</strong></span> <span class='ocrx_word' id='word_1_384' title='bbox 1131 4347 1240 4412; x_wconf 90' lang='lat' dir='ltr'><strong>multis</strong></span> <span class='ocrx_word' id='word_1_385' title='bbox 1261 4347 1293 4414; x_wconf 92' lang='lat' dir='ltr'><strong>in</strong></span> <span class='ocrx_word' id='word_1_386' title='bbox 1308 4348 1473 4414; x_wconf 86' lang='lat' dir='ltr'><strong>vocabulis</strong></span> <span class='ocrx_word' id='word_1_387' title='bbox 1495 4310 1518 4401; x_wconf 59' lang='lat'>3</span> <span class='ocrx_word' id='word_1_388' title='bbox 1543 4368 1602 4435; x_wconf 88' lang='lat' dir='ltr'><strong>pro</strong></span> <span class='ocrx_word' id='word_1_389' title='bbox 1624 4369 1688 4416; x_wconf 87' lang='lat' dir='ltr'><strong>vso</strong></span> <span class='ocrx_word' id='word_1_390' title='bbox 1708 4350 1838 4435; x_wconf 86' lang='lat' dir='ltr'><strong>vulgari</strong></span> <span class='ocrx_word' id='word_1_391' title='bbox 1859 4349 2082 4437; x_wconf 84' lang='lat' dir='ltr'><strong>pronunciaoit</strong></span> <span class='ocrx_word' id='word_1_392' title='bbox 2101 4347 2254 4419; x_wconf 73' lang='lat' dir='ltr'><strong>instari.</strong></span> 
     </span>
     <span class='ocr_line' id='line_1_33' title="bbox 484 4461 2257 4554; baseline 0.006 -26"><span class='ocrx_word' id='word_1_393' title='bbox 484 4461 622 4528; x_wconf 85' lang='lat' dir='ltr'><strong>Diserte</strong></span> <span class='ocrx_word' id='word_1_394' title='bbox 643 4461 799 4544; x_wconf 87' lang='lat' dir='ltr'><strong>Niebuhr,</strong></span> <span class='ocrx_word' id='word_1_395' title='bbox 821 4461 979 4552; x_wconf 86' lang='lat' dir='ltr'><strong>Chardin‚</strong></span> <span class='ocrx_word' id='word_1_396' title='bbox 999 4463 1155 4551; x_wconf 80' lang='lat' dir='ltr'><strong>Barnous,</strong></span> <span class='ocrx_word' id='word_1_397' title='bbox 1177 4461 1270 4549; x_wconf 87' lang='lat' dir='ltr'><strong>Bopp</strong></span> <span class='ocrx_word' id='word_1_398' title='bbox 1292 4463 1418 4531; x_wconf 89' lang='lat' dir='ltr'><strong>literam</strong></span> <span class='ocrx_word' id='word_1_399' title='bbox 1447 4465 1461 4528; x_wconf 86' lang='lat' dir='ltr'><strong>l</strong></span> <span class='ocrx_word' id='word_1_400' title='bbox 1491 4465 1577 4531; x_wconf 89' lang='lat' dir='ltr'><strong>inter</strong></span> <span class='ocrx_word' id='word_1_401' title='bbox 1603 4465 1771 4534; x_wconf 87' lang='lat' dir='ltr'><strong>Zendieas</strong></span> <span class='ocrx_word' id='word_1_402' title='bbox 1798 4471 1995 4554; x_wconf 89' lang='lat' dir='ltr'><strong>enumerant,</strong></span> <span class='ocrx_word' id='word_1_403' title='bbox 2024 4465 2058 4530; x_wconf 90' lang='lat' dir='ltr'><strong>in</strong></span> <span class='ocrx_word' id='word_1_404' title='bbox 2083 4484 2146 4552; x_wconf 92' lang='lat' dir='ltr'><strong>quo</strong></span> <span class='ocrx_word' id='word_1_405' title='bbox 2170 4473 2257 4538; x_wconf 90' lang='lat' dir='ltr'><strong>sub-</strong></span> 
     </span>
     <span class='ocr_line' id='line_1_34' title="bbox 485 4545 2255 4667; baseline 0.006 -24"><span class='ocrx_word' id='word_1_406' title='bbox 485 4575 676 4644; x_wconf 81' lang='lat' dir='ltr'><strong>sistendum</strong></span> <span class='ocrx_word' id='word_1_407' title='bbox 740 4579 918 4654; x_wconf 78' lang='lat' dir='ltr'><strong>Niebuhrio</strong></span> <span class='ocrx_word' id='word_1_408' title='bbox 940 4580 1068 4667; x_wconf 78' lang='lat' dir='ltr'><strong>quidem</strong></span> <span class='ocrx_word' id='word_1_409' title='bbox 1088 4545 1113 4634; x_wconf 68' lang='lat' dir='ltr'><strong>l</strong></span> <span class='ocrx_word' id='word_1_410' title='bbox 1134 4585 1271 4647; x_wconf 65' lang='lat' dir='ltr'><strong>tucatur</strong></span> <span class='ocrx_word' id='word_1_411' title='bbox 1292 4579 1337 4645; x_wconf 80' lang='lat' dir='ltr'><strong>ra.</strong></span> <span class='ocrx_word' id='word_1_412' title='bbox 1402 4575 1495 4660; x_wconf 77' lang='lat' dir='ltr'><strong>ouon</strong></span> <span class='ocrx_word' id='word_1_413' title='bbox 1517 4581 1637 4649; x_wconf 72' lang='lat' dir='ltr'><strong>attinet</strong></span> <span class='ocrx_word' id='word_1_414' title='bbox 1663 4563 1899 4650; x_wconf 62' lang='lat' dir='ltr'><strong>rrenrnomb</strong></span> <span class='ocrx_word' id='word_1_415' title='bbox 1930 4582 1986 4648; x_wconf 76' lang='lat' dir='ltr'><strong>ver</strong></span> <span class='ocrx_word' id='word_1_416' title='bbox 2007 4563 2033 4636; x_wconf 77' lang='lat' dir='ltr'><strong>b</strong></span> <span class='ocrx_word' id='word_1_417' title='bbox 2056 4599 2077 4647; x_wconf 76' lang='lat' dir='ltr'><strong>a</strong></span> <span class='ocrx_word' id='word_1_418' title='bbox 2098 4581 2255 4654; x_wconf 85' lang='lat' dir='ltr'><strong>Niebuh-</strong></span> 
     </span>
    </p>
   </div>
   <div class='ocr_carea' id='block_1_9' title="bbox 484 4694 2253 4832">
    <p class='ocr_par' dir='ltr' id='par_1_12' title="bbox 484 4694 2253 4832">
     <span class='ocr_line' id='line_1_35' title="bbox 484 4694 2253 4832; baseline -0.003 -52"><span class='ocrx_word' id='word_1_419' title='bbox 484 4708 830 4797; x_wconf 80' lang='lat' dir='ltr'><strong>riobrnrappellatum,</strong></span> <span class='ocrx_word' id='word_1_420' title='bbox 842 4719 994 4780; x_wconf 87' lang='lat' dir='ltr'><strong>onustare</strong></span> <span class='ocrx_word' id='word_1_421' title='bbox 1006 4713 1159 4781; x_wconf 89' lang='lat' dir='ltr'><strong>videntur</strong></span> <span class='ocrx_word' id='word_1_422' title='bbox 1173 4711 1296 4781; x_wconf 91' lang='lat' dir='ltr'><strong>duobus</strong></span> <span class='ocrx_word' id='word_1_423' title='bbox 1317 4694 1343 4767; x_wconf 57' lang='grc' dir='ltr'><strong>Β)</strong></span> <span class='ocrx_word' id='word_1_424' title='bbox 1364 4712 1552 4779; x_wconf 68' lang='lat' dir='ltr'><strong>connectis.</strong></span> <span class='ocrx_word' id='word_1_425' title='bbox 1616 4713 1708 4781; x_wconf 91' lang='lat' dir='ltr'><strong>ldem</strong></span> <span class='ocrx_word' id='word_1_426' title='bbox 1717 4714 1900 4783; x_wconf 89' lang='lat' dir='ltr'><strong>vidimusin</strong></span> <span class='ocrx_word' id='word_1_427' title='bbox 1920 4725 2017 4769; x_wconf 69' lang='lat'><strong>³³=</strong></span> <span class='ocrx_word' id='word_1_428' title='bbox 2030 4737 2078 4832; x_wconf 42' lang='grc' dir='ltr'><strong>φρ,</strong></span> <span class='ocrx_word' id='word_1_429' title='bbox 2093 4714 2127 4775; x_wconf 92' lang='lat' dir='ltr'><strong>et</strong></span> <span class='ocrx_word' id='word_1_430' title='bbox 2137 4701 2253 4828; x_wconf 59' lang='lat'>9²³2:</span> 
     </span>
    </p>
   </div>
   <div class='ocr_carea' id='block_1_10' title="bbox 486 4861 2252 5067">
    <p class='ocr_par' dir='ltr' id='par_1_13' title="bbox 486 4861 2252 5067">
     <span class='ocr_line' id='line_1_36' title="bbox 638 4861 2252 4967; baseline 0.004 -41"><span class='ocrx_word' id='word_1_431' title='bbox 638 4873 652 4918; x_wconf 78' lang='lat' dir='ltr'><strong>t</strong></span> <span class='ocrx_word' id='word_1_432' title='bbox 683 4873 696 4918; x_wconf 78' lang='lat' dir='ltr'><strong>t</strong></span> <span class='ocrx_word' id='word_1_433' title='bbox 728 4872 768 4911; x_wconf 92' lang='lat'>=</span> <span class='ocrx_word' id='word_1_434' title='bbox 800 4893 822 4967; x_wconf 60' lang='lat' dir='ltr'><strong>p</strong></span> <span class='ocrx_word' id='word_1_435' title='bbox 852 4877 907 4925; x_wconf 82' lang='lat' dir='ltr'><strong>·o·</strong></span> <span class='ocrx_word' id='word_1_436' title='bbox 967 4863 1062 4930; x_wconf 86' lang='lat' dir='ltr'><strong>liaeo</strong></span> <span class='ocrx_word' id='word_1_437' title='bbox 1082 4864 1178 4931; x_wconf 89' lang='lat' dir='ltr'><strong>litera</strong></span> <span class='ocrx_word' id='word_1_438' title='bbox 1199 4865 1284 4930; x_wconf 91' lang='lat' dir='ltr'><strong>enim</strong></span> <span class='ocrx_word' id='word_1_439' title='bbox 1305 4864 1347 4936; x_wconf 87' lang='lat' dir='ltr'><strong>ab</strong></span> <span class='ocrx_word' id='word_1_440' title='bbox 1369 4861 1516 4932; x_wconf 84' lang='lat' dir='ltr'><strong>omnibus</strong></span> <span class='ocrx_word' id='word_1_441' title='bbox 1541 4881 1575 4928; x_wconf 90' lang='lat' dir='ltr'><strong>m</strong></span> <span class='ocrx_word' id='word_1_442' title='bbox 1604 4863 1826 4952; x_wconf 81' lang='lat' dir='ltr'><strong>pronunciata,</strong></span> <span class='ocrx_word' id='word_1_443' title='bbox 1847 4863 1944 4950; x_wconf 88' lang='lat' dir='ltr'><strong>plane</strong></span> <span class='ocrx_word' id='word_1_444' title='bbox 1965 4865 2116 4955; x_wconf 83' lang='lat' dir='ltr'><strong>eongnrit</strong></span> <span class='ocrx_word' id='word_1_445' title='bbox 2135 4883 2209 4940; x_wconf 77' lang='lat' dir='ltr'><strong>eom</strong></span> <span class='ocrx_word' id='word_1_446' title='bbox 2228 4893 2252 4933; x_wconf 70' lang='lat' dir='ltr'><strong>a</strong></span> 
     </span>
     <span class='ocr_line' id='line_1_37' title="bbox 486 4973 1933 5067; baseline 0.007 -27"><span class='ocrx_word' id='word_1_447' title='bbox 486 4975 521 5040; x_wconf 90' lang='lat' dir='ltr'><strong>et</strong></span> <span class='ocrx_word' id='word_1_448' title='bbox 550 5013 591 5060; x_wconf 54' lang='grc' dir='ltr'><strong>,ο</strong></span> <span class='ocrx_word' id='word_1_449' title='bbox 612 4973 731 5046; x_wconf 85' lang='lat' dir='ltr'><strong>Culleo.</strong></span> <span class='ocrx_word' id='word_1_450' title='bbox 774 4973 929 5044; x_wconf 89' lang='lat' dir='ltr'><strong>Ceterum</strong></span> <span class='ocrx_word' id='word_1_451' title='bbox 950 4992 963 5033; x_wconf 78' lang='lat' dir='ltr'><strong>r</strong></span> <span class='ocrx_word' id='word_1_452' title='bbox 984 4979 1071 5066; x_wconf 89' lang='lat' dir='ltr'><strong>apud</strong></span> <span class='ocrx_word' id='word_1_453' title='bbox 1091 4979 1303 5048; x_wconf 84' lang='lat' dir='ltr'><strong>Niebuhriom</strong></span> <span class='ocrx_word' id='word_1_454' title='bbox 1321 4997 1378 5046; x_wconf 85' lang='lat' dir='ltr'><strong>ma</strong></span> <span class='ocrx_word' id='word_1_455' title='bbox 1398 4981 1546 5067; x_wconf 82' lang='lat' dir='ltr'><strong>vocatur,</strong></span> <span class='ocrx_word' id='word_1_456' title='bbox 1567 4984 1646 5048; x_wconf 82' lang='lat' dir='ltr'><strong>orior</strong></span> <span class='ocrx_word' id='word_1_457' title='bbox 1664 4998 1746 5048; x_wconf 86' lang='lat' dir='ltr'><strong>vero</strong></span> <span class='ocrx_word' id='word_1_458' title='bbox 1766 4977 1933 5052; x_wconf 80' lang='lat' dir='ltr'><strong>Pehluioo</strong></span> 
     </span>
    </p>
   </div>
   <div class='ocr_carea' id='block_1_11' title="bbox 0 0 2404 6100">
    <p class='ocr_par' dir='ltr' id='par_1_14' title="bbox 0 0 2404 6100">
     <span class='ocr_line' id='line_1_38' title="bbox 0 0 2404 6100; baseline 0 0"><span class='ocrx_word' id='word_1_459' title='bbox 0 0 2404 6100; x_wconf 95' lang='lat' dir='ltr'><strong> </strong></span> 
     </span>
    </p>
   </div>
  </div>
 </body>
</html>
