4796 6106
1237 532 1486 610 -94...

476 759 571 833 osu
605 770 653 810 =
680 734 892 872 ,siam
919 736 1014 837 «tt.
1033 735 1095 838 ¹‹'‹·
1112 736 1199 835 rc..
1224 733 1287 836 pp.
1306 732 1385 834 ξι.
1404 730 1528 836 (ηπ,
1545 763 1585 806 =
1610 745 1842 860 W
1874 763 1921 806 ,τ
1953 737 2163 831 scrofae
2191 769 2245 804 -..-.-

475 920 682 1060 [aba
707 959 748 998 ==
774 931 883 1018 sam
946 919 1042 1020 «u
1068 921 1129 1024 ἃ.
1156 923 1217 1021 rr·
1244 921 1330 1017 κ».
1355 921 1423 1020 to
1443 923 1498 1020 rr·
1525 919 1600 1017 u·
1625 946 1667 986 =
1691 933 1902 1050 scasas
1927 955 1978 986 =
2003 924 2175 1020 sassa
2204 951 2242 988 τ..

475 1075 701 1217 &abab
716 1107 761 1144 =
781 1079 933 1168 lll'lllllll‘i
955 1093 1020 1154 eet·
1063 1083 1155 1170 Quae
1176 1087 1347 1176 inscriptio
1369 1085 1480 1153 catice
1501 1085 1551 1152 sic
1573 1104 1612 1151 se
1633 1085 1786 1152 haberet:

482 1211 2248 1364 ntmssuttmstnnrmmussnmfflnnfflrm,
2379 1163 2380 1170 i

483 1361 2248 1506 fflm„np„ptapptmnmsm,mammaum,a

483 1513 2250 1668 W--ssnhssslnyfflsklvhloyashsffiffl

630 1675 904 1760 Quemadmodum
925 1675 1084 1742 Persicae
1105 1675 1336 1760 inscriptiones
1357 1671 1593 1760 cuneosormes,
1613 1672 1660 1738 ita
1681 1669 1843 1758 Medicae,
1862 1671 2027 1760 Assyriae
2048 1681 2083 1740 et
2101 1674 2248 1760 Babylo-

478 1802 574 1871 nicae
594 1815 723 1886 quoquc
745 1793 871 1860 facilius
894 1799 929 1864 et
950 1793 1052 1857 tutius
1073 1788 1247 1877 aliquando
1269 1790 1518 1876 explicabuntur
1540 1808 1591 1866 eo,
1614 1785 1699 1874 quod
1720 1786 1837 1854 literae
1866 1785 2091 1856 Sanscriticae
2112 1810 2169 1876 pro
2190 1810 2247 1858 or-

480 1918 557 1984 dine
579 1912 784 2000 alphabetico
806 1909 985 1994 comparari
1007 1913 1159 1994 poterunt
1181 1926 1251 1973 cum
1273 1906 1530 1973 cuneoiormibus
1557 1905 1736 1982 Medorum,
1759 1907 1971 1992 Assyriorum
1995 1913 2029 1972 et
2052 1907 2248 1994 Babylonio·

481 2055 560 2106 rum
601 2027 895 2096 Persuasissimum
915 2025 1012 2092 nabis
1034 2025 1202 2112 habemns,
1223 2024 1285 2090 has
1307 2043 1434 2111 qaoque
1456 2041 1629 2092 cuneorum
1649 2023 1909 2109 corrogationes,
1930 2023 2076 2109 quamuis
2096 2042 2120 2091 a
2134 2024 2248 2094 uersu
2381 2089 2382 2096 ,

481 2153 531 2220 cis
553 2149 712 2234 differant,
734 2165 796 2211 non
819 2163 897 2210 esse
918 2143 1118 2229 arbitrariae,
1140 2139 1200 2206 sed
1222 2139 1348 2228 legibus
1369 2141 1453 2207 artis
1475 2141 1726 2208 combinatoriae
1748 2138 1937 2207 adstrictas.
1993 2138 2088 2221 Quod
2109 2142 2250 2211 breuiter

482 2270 708 2336 demonstrare
729 2261 909 2330 studuimus
932 2259 1015 2325 Tab.
1036 2259 1094 2326 lv.
1116 2265 1151 2324 et
1172 2257 1214 2324 V.
1258 2259 1399 2324 Tantum
1420 2259 1518 2324 abest
1537 2263 1577 2323 vt
1598 2256 1680 2323 baec
1701 2257 1877 2343 alphabeta
1897 2277 1957 2343 pro
1990 2257 2144 2343 perfectis
2166 2281 2250 2326 ven-

482 2385 562 2458 dere
583 2382 734 2467 velimus,
756 2385 794 2446 vt
814 2379 922 2465 potius
943 2377 1159 2464 paucissimas
1179 2374 1296 2442 literas
1317 2394 1377 2460 pro
1398 2375 1500 2442 certis
1521 2374 1705 2442 babeamus.
1771 2369 1912 2444 Primum
1933 2373 2019 2442 enim
2039 2375 2154 2442 literae
2175 2376 2250 2442 lle-

482 2504 577 2571 dicae
598 2504 634 2566 et
655 2497 818 2582 Assyriae
840 2493 1062 2559 cuneoiormes
1091 2491 1210 2557 iustum
1238 2489 1503 2557 combinatorium
1532 2493 1565 2557 iu
1587 2490 1733 2558 ordinem
1753 2490 1860 2575 redigi
1888 2498 2063 2580 nequeunt,
2083 2493 2113 2557 si
2132 2493 2251 2560 desunt

483 2619 609 2706 aliquot
630 2611 878 2697 coniugationes
899 2627 1078 2676 cuneorum.
1130 2605 1226 2682 Quod
1247 2605 1366 2674 accidit
1386 2607 1490 2674 nobis.
1533 2604 1587 2672 Ex
1609 2605 1872 2692 inscriptionibus
1893 2607 1995 2688 enim,
2017 2627 2099 2695 quas
2120 2611 2163 2678 ad
2184 2631 2253 2679 ma·

482 2755 544 2806 nus
566 2731 749 2807 habuimus,
776 2727 864 2793 haud
889 2728 1084 2816 numerosis,
1111 2725 1230 2792 iustum
1249 2725 1415 2792 literarum
1435 2743 1599 2792 numerum
1618 2741 1802 2811 excerpere
1828 2745 1892 2794 nou
1914 2725 2086 2796 valuimus.
2146 2727 2251 2811 Quare

484 2871 567 2942 opus
594 2848 671 2940 tuit,
691 2845 865 2914 nonnullas
892 2861 1067 2914 cuneorum
1093 2845 1339 2928 coniugatioues
1367 2841 1410 2912 de
1431 2841 1619 2910 coniectura
1639 2842 1797 2910 inserere.
1860 2841 1931 2908 Iam
1952 2845 1982 2910 si
2002 2853 2097 2914 certa
2117 2846 2252 2933 quadam

484 2971 519 3035 in
540 2967 649 3034 classe
670 2962 853 3047 coniugatio
875 2960 950 3050 talis
972 2959 1130 3047 quaedam
1151 2960 1234 3027 salso
1255 2961 1288 3026 in
1310 2960 1381 3026 lucu
1403 2959 1530 3028 inserta
1551 2958 1668 3048 luerit3
1689 2959 1796 3028 claret
1818 2963 1920 3026 totum
1941 2960 2036 3030 buius
2057 2962 2176 3032 classis
2198 2985 2253 3032 or-

483 3085 593 3152 dinem
614 3080 745 3167 turbari,
766 3077 905 3164 hincque
927 3096 997 3142 cum
1019 3077 1124 3143 literis
1146 3078 1404 3146 cuneolormibus
1425 3078 1529 3144 salsas
1544 3076 1699 3144 Persicas
1721 3077 1903 3162 comparari
1917 3077 2077 3144 debuisse.
2122 3077 2251 3146 Eodem

484 3200 618 3285 rediret,
628 3202 753 3262 certam
768 3213 941 3261 cuneorum
956 3195 1216 3278 coniugationem
1232 3191 1356 3260 duobus
1369 3193 1402 3260 iu
1416 3194 1500 3260 locis
1512 3193 1672 3260 inserere.
1690 3191 1792 3272 Quum
1804 3194 1891 3260 enim
1901 3187 2015 3262 literae
2026 3197 2254 3264 cuneoiormes

484 3318 588 3388 veluti
600 3315 633 3382 in
647 3312 827 3382 lllilliniana
838 3312 1052 3400 inscriptione
1065 3331 1132 3378 vna
1148 3311 1304 3396 deinceps
1318 3309 1406 3378 serie
1425 3310 1548 3398 absque
1561 3310 1669 3396 spatio
1681 3307 1868 3376 intermisso
1881 3313 2072 3406 scribantur,
2084 3314 2184 3382 tacite
2197 3333 2254 3382 ac·

485 3434 574 3519 cidit,
595 3439 633 3500 vt
653 3431 777 3496 initium
798 3430 967 3514 sequentis
988 3429 1103 3496 literae
1125 3428 1272 3496 trahatur
1294 3425 1336 3494 ad
1357 3424 1573 3514 praecedens,
1593 3443 1758 3512 versaque
1779 3427 1867 3496 vice.
1919 3429 2013 3508 Quae
2034 3432 2117 3498 vitia
2137 3431 2252 3498 enitari
2384 3397 2385 3430 ἒ

485 3551 681 3638 potuissent,
702 3546 731 3609 si
752 3545 863 3609 harum
885 3543 1053 3608 literarum
1074 3544 1170 3629 periti
1193 3543 1335 3630 pluribus
1355 3543 1618 3628 inscriptionibus
1639 3535 1789 3609 instructi
1811 3544 1957 3630 singulas
1979 3567 2153 3618 cuneorum
2174 3567 2253 3615 eon·

486 3663 669 3750 lagationes
698 3665 945 3726 enumerassent
972 3665 1049 3724 ante
1079 3677 1148 3724 nos.
1213 3659 1428 3726 Nihilominus
1458 3679 1519 3727 nos
1540 3677 1710 3744 speramus
1731 3660 1812 3742 sore,
1833 3667 1871 3727 vt
1892 3661 2014 3748 aliquot
2035 3663 2151 3732 literae
2174 3663 2254 3732 Tab.

487 3782 547 3850 lv.
570 3788 604 3847 et
627 3779 669 3844 V.
693 3777 845 3844 definitae
866 3775 999 3842 aliorum
1020 3774 1292 3846 lucubrationibus
1314 3778 1422 3844 serius
1444 3777 1534 3844 acius
1554 3777 1792 3846 confirmentur.
1858 3777 2108 3850 Cootirmabitar
2134 3781 2256 3868 forsan,

486 3901 602 3966 literas
624 3895 791 3962 llledorum
813 3899 847 3960 et
868 3891 1078 3978 Assyriorum
1101 3897 1224 3979 pariter
1245 3903 1344 3981 atque
1377 3893 1626 3979 Babyloniorum
1648 3895 1874 3961 cuneosormes
1901 3913 1980 3964 esse
2001 3900 2258 3968 combinationes

488 4035 662 4084 euneomm
683 4011 938 4098 mathematicas,
960 4027 1092 4098 quarum
1114 4013 1187 4078 soni
1209 4011 1322 4078 eodem
1351 4010 1465 4077 ordine
1492 4018 1591 4097 atque
1612 4011 1728 4076 literae
1757 4010 1927 4097 alphabeti
1953 4015 2152 4101 Neopersici
2180 4035 2260 4083 sese

420 4185 427 4214 ‚
488 4134 663 4222 excipiant.
727 4129 829 4196 Forte
856 4127 928 4196 aliis
950 4127 1012 4194 iam
1034 4129 1229 4214 contigisset
1249 4129 1416 4218 explicare
1437 4127 1597 4196 vocabula
1616 4127 1771 4199 norruulla
1796 4131 1909 4196 cuneis
1929 4131 2068 4198 lllediais
2089 4134 2124 4192 et
2142 4127 2262 4218 Assy-

490 4251 546 4313 riis
573 4267 750 4334 expressa,
776 4247 807 4312 si
837 4244 994 4333 quaedam
1023 4245 1190 4312 obstacula
1213 4267 1294 4312 sane
1316 4248 1526 4330 inexpectata
1552 4265 1616 4311 non
1638 4245 1829 4312 obtdssent.
1909 4248 2014 4312 Nemo
2035 4243 2077 4308 de
2098 4260 2138 4307 eo
2161 4249 2260 4330 eogi-

490 4372 583 4431 tosse
610 4364 758 4450 videtur,
786 4363 922 4448 primum
949 4362 983 4430 iu
1010 4364 1172 4448 scriptura
1201 4361 1370 4432 Medorum
1398 4367 1433 4428 et
1459 4361 1669 4448 Assyriorum
1690 4361 1885 4432 cuaeoiormi
1910 4369 1977 4428 arm
1997 4373 2162 4428 consonas
2184 4381 2259 4434 cum

490 4480 671 4566 vocalibus,
692 4485 757 4546 tum
779 4497 942 4546 consonas
964 4496 1035 4543 cum
1063 4480 1216 4548 consonis
1245 4480 1435 4546 coniunctas
1462 4478 1620 4570 exprimi3
1641 4477 1761 4547 deinde
1786 4480 1874 4546 inter
1898 4477 2013 4544 literas
2040 4481 2075 4542 et
2096 4479 2259 4550 vocabula

491 4600 555 4668 sibi
583 4595 727 4684 proxima
755 4594 877 4680 negligi
904 4613 1027 4661 cuneos
1056 4615 1164 4681 pares,
1186 4595 1358 4663 breuitatis
1379 4595 1496 4680 gratia.
1560 4595 1647 4662 Hinc
1668 4596 1782 4682 claret,
1801 4613 1860 4660 cur
1880 4589 2110 4679 inscriptiones
2131 4613 2258 4666 euneo-

491 4717 614 4784 iorrnes
634 4709 796 4796 Assyriae
818 4709 983 4780 breuiores
999 4713 1068 4778 sint
1087 4713 1227 4782 Medicis
1246 4720 1345 4799 atque
1365 4711 1524 4780 Persicis.
1566 4711 1706 4780 Scilicet
1725 4711 1823 4780 Parsi
1842 4725 1939 4794 quum
1960 4709 2074 4780 literas
2085 4711 2258 4783 zcurlicas

491 4839 527 4901 et
547 4830 720 4898 Pehluicas
741 4823 910 4892 admodum
931 4845 1049 4893 curuos
1070 4829 1103 4894 in
1125 4829 1219 4895 saxis
1240 4829 1397 4897 adhibere
1418 4827 1583 4897 commode
1603 4847 1669 4896 nun
1691 4831 1839 4914 possent,
1854 4825 2048 4893 inuenerunt
2061 4830 2254 4917 scriptoram

491 4955 662 5018 cantatam
677 4943 865 5031 simplicem,
888 4941 1003 5029 quibus
1016 4943 1166 5030 singulae
1177 4963 1340 5014 consonae
1352 4952 1388 5014 et
1399 4944 1534 5014 vocales
1547 4945 1658 5014 canus
1674 4942 2034 5027 exprimerenturiacile
2049 4943 2248 5014 excidendis.
