4796 6106
1525 827 1613 1037 ιι

1525 1095 1603 1136 ΨΧ

1523 1245 1578 1286 ‘h

1523 1375 1598 1416 ’Μ

1524 1521 1550 1562 κ
1574 1517 1606 1564 κ

288 1778 394 1864 Quum
414 1778 550 1846 vocales
571 1773 691 1863 longae
711 1796 776 1844 non
797 1773 948 1844 ditierant
977 1776 1167 1846 abrenibus
1194 1778 1259 1846 nisi
1284 1775 1406 1846 lineola
1433 1774 1557 1864 addita,
1578 1778 1698 1866 qnippe
1718 1779 1904 1870 diacritiea3

133 1899 251 1985 claret,
271 1896 372 1964 lndos
392 1896 524 1984 proprie
545 1877 914 1984 septem'tantummodo
940 1895 1038 1981 signa
1063 1895 1217 1965 habuisse
1243 1915 1302 1984 pro
1329 1893 1507 1963 vocalibus.
1569 1893 1714 1963 Voeales
1740 1916 1823 1968 vero
1851 1901 1906 1968 vi-

133 2015 247 2082 cariae
268 2020 383 2102 aperte
404 2012 550 2081 eiusdem
571 2019 647 2080 sunt
668 2018 804 2082 naturae
824 2017 923 2099 atque
944 2012 1078 2082 vocales
1100 2013 1263 2081 Arabicae
1285 2018 1320 2081 et
1341 2013 1536 2100 Hebraicis,
1557 2013 1678 2102 qnippe
1698 2014 1806 2083 literis
1826 2035 1906 2106 pro-

132 2131 208 2219 prie
228 2131 277 2198 sie
298 2129 395 2197 dietis
416 2149 503 2198 nuno
523 2131 705 2219 impositae,
725 2148 812 2197 nunc
833 2129 1024 2198 submissae.
1078 2131 1195 2218 ltaque
1216 2130 1288 2198 lndi
1309 2132 1435 2218 pariter
1455 2135 1555 2217 atque
1575 2127 1750 2217 Aegyptii,
1770 2135 1826 2226 qni
1847 2153 1907 2202 se·

132 2253 224 2335 ptem
239 2246 406 2314 vocalibus
418 2246 532 2316 landes
547 2245 678 2314 deorum
690 2247 917 2337 decantarunt,
928 2253 1057 2333 septem
1068 2246 1248 2314 habuerunt
1261 2247 1404 2327 vocales,
1429 2263 1546 2334 nempe
1562 2265 1587 2312 n
1606 2263 1627 2312 e
1646 2248 1662 2313 i
1680 2264 1702 2313 o
1721 2265 1747 2314 u
1767 2249 1904 2319 ommam

133 2363 343 2432 dialectornm
364 2381 563 2451 comunes,
585 2383 657 2431 cum
678 2363 805 2432 duabus
826 2363 981 2450 insolitis,
1001 2362 1046 2431 de
1067 2362 1181 2450 quibus
1202 2361 1296 2428 inira.

287 2498 462 2566 Consonus
482 2496 616 2567 Indicae
637 2518 658 2567 a
678 2497 900 2588 grammaticis
921 2495 1090 2566 veteribus
1110 2502 1240 2587 septem
1259 2495 1295 2569 in
1318 2494 1446 2565 classes
1467 2493 1654 2565 diuiduntrn
1673 2502 1773 2586 atque
1794 2501 1907 2571 ordine

132 2621 365 2702 componuntur
387 2615 548 2702 sequenti.

131 2745 297 2815 Guttural.
422 2746 461 2821 ἦ
552 2750 597 2817 lla
737 2749 779 2826 [i
867 2749 934 2820 itha
1054 2749 1089 2827 Π
1183 2768 1228 2837 3⁸
1362 2749 1394 2827 a
1489 2749 1558 2840 gba
1668 2750 1699 2826 ἓ
1797 2770 1862 2838 nga

133 2859 276 2930 Palatin.
422 2861 456 2934 ἦ
550 2864 623 2933 tsch
737 2864 770 2952 ἢ
868 2867 943 2934 tsub
1052 2867 1087 2944 ξι
1182 2866 1288 2935 dscha
1359 2865 1394 2944 dl
1488 2865 1616 2940 dschha
1670 2867 1713 2944 δι
1795 2872 1862 2956 naa

130 2979 285 3067 Lingual.
422 2978 450 3056 ιζ
550 2987 585 3049 ta
741 2979 773 3054 ὃ
865 2981 924 3049 tha
1052 2981 1083 3058 3
1185 2984 1228 3051 da
1361 2981 1391 3056 6
1491 2984 1556 3053 dha
1666 2983 1709 3063 ill
1796 3002 1841 3051 nu

130 3097 266 3167 Dental.
419 3097 450 3173 ii
548 3105 585 3166 ta
693 3137 696 3144 .
735 3095 769 3172 El
864 3097 924 3166 tha
1054 3097 1083 3204 ζ
1184 3097 1229 3167 da
1362 3097 1393 3175 il
1491 3098 1556 3170 dha
1668 3099 1705 3180 ’Τ
1794 3099 1838 3171 lia

132 3215 276 3294 habiat}
421 3213 453 3293 ll
550 3235 594 3304 pa
737 3211 772 3286 [ἦ
864 3215 931 3302 pha
1054 3214 1091 3292 H
1184 3215 1228 3284 ba
1364 3213 1398 3292 ²1
1493 3216 1559 3284 bna
1675 3215 1713 3290 Π
1801 3233 1856 3284 ma

134 3331 334 3402 Semivocal.
424 3331 455 3407 ll
546 3335 585 3418 ja
737 3329 765 3442 ζ
849 3349 905 3404 ,ra
1002 3348 1012 3369 ⁸
1053 3331 1097 3407 &l
1184 3333 1219 3400 la
1363 3330 1407 3402 ὦ
1492 3334 1544 3402 lra
1671 3333 1711 3411 ‘q'
1800 3352 1844 3404 va

130 3450 288 3520 Sibilant.
426 3449 465 3524 al
551 3467 591 3533 sa
739 3447 769 3524 Π
869 3448 951 3516 seha
1055 3447 1093 3524 Η
1186 3467 1226 3516 su
1365 3447 1418 3532 ξι
1493 3450 1538 3520 ba
1674 3477 1702 3490 -
1807 3477 1841 3490 -

283 3585 399 3673 ltaque
409 3583 483 3650 lndl
494 3582 648 3650 videntur
658 3581 807 3668 quamuis
829 3580 898 3649 iero
919 3580 1048 3648 literam
1062 3578 1181 3668 duplici
1202 3580 1329 3648 ratione
1341 3581 1592 3672 pronunciasse,
1604 3599 1689 3650 nunc
1708 3581 1909 3673 simpliciter,

127 3719 219 3773 nnnc
238 3721 311 3770 eum
331 3699 564 3789 adspiratione.
610 3697 707 3766 Vnde
727 3683 834 3787 patet,
852 3697 954 3767 Indos
974 3697 1108 3786 proprie
1131 3695 1183 3768 ιθ
1206 3716 1369 3767 consonas
1383 3696 1548 3776 habuisse,
1563 3696 1704 3786 demptis
1723 3695 1771 3766 ιιι
1793 3699 1908 3787 adspi-

97 3851 100 3856 ·
127 3820 228 3888 ratis.
271 3817 450 3885 Praeterea
471 3819 540 3902 ripa
561 3821 597 3884 et
617 3820 677 3902 ua,
698 3833 796 3902 quum
821 3815 900 3882 nihil
922 3816 993 3883 iere
1020 3815 1173 3883 differam
1199 3834 1220 3882 a
1247 3834 1316 3901 upa
1345 3819 1380 3882 et
1409 3833 1476 3902 aa,
1503 3832 1569 3882 non
1595 3816 1728 3885 mauris
1757 3817 1909 3884 momenti

131 3940 216 4004 sunt
236 3933 365 4022 literae,
384 3951 479 4018 quam
498 3931 699 4019 adspiratae,
718 3933 859 4019 ideoque
880 3951 939 4018 pro
961 3931 1194 4020 principalibus
1214 3950 1280 3998 non
1302 3928 1484 4020 habendae,
1498 3932 1623 4019 pariter
1643 3938 1743 4020 atque
1767 3930 1817 4000 12
1832 3933 1909 4003 illae

130 4051 336 4139 adspiratae.
379 4047 467 4115 lline
487 4054 658 4115 remanent
679 4042 730 4112 ιιι
755 4065 931 4136 consonae,
952 4066 1036 4136 quae
1057 4066 1116 4134 pro
1137 4045 1288 4134 genuinis
1308 4045 1462 4114 Indorum
1485 4047 1666 4117 habeantur
1686 4065 1826 4118 necesse
1842 4057 1908 4117 est.

132 4171 255 4257 ltaque
275 4165 483 4254 alphabetum
504 4162 740 4232 Sauscritioum
762 4162 955 4231 constitisse
974 4164 1108 4232 videtur
1129 4158 1183 4230 ΒΘ
1203 4161 1310 4229 literis
1339 4162 1499 4253 audonis,
1525 4182 1644 4252 nempe
1672 4163 1723 4232 tt
1756 4167 1910 4236 consonis

134 4292 237 4374 atque
259 4281 285 4350 7
307 4281 488 4352 vocalibus.
531 4282 680 4349 atvero
701 4285 804 4368 patet,
825 4279 914 4348 inter
933 4279 1068 4350 vocales
1080 4277 1296 4367 septemillas
1316 4297 1395 4348 esse
1416 4285 1498 4371 tres,
1519 4299 1606 4371 quae
1627 4301 1671 4350 ex
1683 4283 1848 4373 consonis,
1860 4284 1911 4352 vti

138 4398 153 4491 Ῑ
183 4451 217 4527 85
240 4465 258 4525 l
286 4437 329 4488 ex
356 4415 366 4490 ι
396 4449 432 4529 t?
455 4462 476 4524 >
499 4415 679 4503 prodierint
700 4432 846 4503 qmeque
874 4415 966 4482 vel
956 4433 1050 4502 rpsae
1077 4413 1146 4481 sint
1174 4411 1292 4481 litem
1314 4411 1503 4486 diacriticae
1528 4418 1787 4488 consonantium.
1851 4413 1911 4485 Sic

138 4553 249 4638 quiuis
268 4551 372 4636 uidet,
393 4555 491 4648 Q:
512 4557 587 4617 eet
618 4577 713 4636 ρι-
668 4549 911 4617 :heasdem
937 4567 1016 4618 esse
1051 4547 1183 4636 literas,
1221 4547 1389 4616 diacritice
1410 4551 1572 4645 scriptas3
1615 4570 1699 4642 quae
1720 4572 1786 4622 non
1805 4550 1910 4638 magis

141 4668 231 4735 inter
251 4687 288 4735 se
308 4667 458 4735 differunt
480 4686 576 4755 quam
595 4683 638 4753 ὦ
659 4673 695 4734 et
715 4682 766 4758 ᾗ.
809 4665 960 4754 aroedt,
979 4666 1066 4754 quod
1084 4667 1158 4734 aliis
1179 4685 1306 4756 quoque
1326 4665 1360 4732 in
1381 4667 1566 4755 alphabetis
1586 4671 1685 4740 litera
1704 4671 1819 4738 hterae
1841 4683 1910 4736 rt:

139 4809 158 4852 ε
179 4783 384 4870 respondens
404 4803 488 4853 nunc
509 4784 544 4874 h,
587 4802 672 4852 nuno
692 4803 714 4852 e
734 4783 896 4872 exprimit.
940 4781 1032 4870 Ergo
1057 4783 1132 4852 ludi
1158 4784 1288 4872 proprie
1317 4785 1407 4853 solas
1435 4783 1487 4854 tlh
1510 4787 1628 4857 literas
1657 4805 1739 4856 vere
1760 4785 1910 4853 diuersas

139 4901 334 4972 habuerunt
376 4897 422 4966 lit
436 4901 509 4989 quis
530 4903 595 4972 ianr
615 4921 681 4972 non
702 4901 880 4988 mirabitur,
894 4901 1032 4970 totidem
1051 4901 1154 4970 fuisse
1173 4901 1290 4971 literas
1303 4903 1482 4992 antiquitus
1495 4905 1752 4994 Aegyptiorum
1774 4897 1910 4967 totidem

1549 5021 1596 5086 11
