4774 6104
889 582 939 642 .;
990 578 1041 656 15
1091 621 1143 640 ..-

127 787 197 924 ffi
209 791 238 922 f
253 839 290 903 et
310 785 427 926 affl,
442 851 502 922 pra
516 829 624 922 Payui
639 780 817 918 &ss
845 837 881 900 et
902 785 1065 918 ἓξ
1081 835 1118 900 et
1138 827 1187 898 sia
1200 845 1307 920 parra.
1330 825 1431 898 Cuius
1451 829 1585 917 generis
1598 833 1800 906 variationes
1817 855 1903 927 pen·

126 952 246 1021 deruut
266 970 289 1019 a
309 951 438 1033 sarihis,
460 949 617 1020 vacahula
638 948 755 1018 eadem
775 951 873 1019 aliter
894 950 1161 1040 exprimentibus.
1204 946 1343 1018 Scilicet
1363 947 1547 1036 significant
1567 950 1654 1020 haud
1674 951 1786 1022 dubier

123 1052 246 1172 Ψι-
258 1058 554 1173 Wirngatiouem
573 1083 643 1151 Nili
669 1101 691 1152 a
711 1082 823 1152 radice
844 1089 911 1167 ch,
927 1091 988 1165 cs,
1003 1092 1134 1164 ca‚cm
1155 1085 1305 1173 irrigare,
1319 1088 1447 1173 potare,
1459 1084 1591 1178 bitere,
1609 1103 1689 1172 erga
1707 1093 1902 1158 autumnum·

76 1277 78 1282 -
124 1193 239 1322 ΟΞ
259 1263 303 1300 =
316 1187 390 1323 ξ)
417 1263 462 1298 =
482 1191 557 1328 ἓ
571 1235 710 1306 hiemem
726 1236 769 1304 ab
794 1235 944 1332 aeilptt,
978 1243 1082 1330 aspri
1118 1254 1218 1303 casus
1239 1233 1320 1303 salis
1340 1233 1398 1302 vel
1418 1233 1493 1302 finis
1514 1237 1667 1306 aestatis.

120 1410 307 1463 Μῑῑ
333 1415 378 1447 =
399 1339 479 1475 ξ
518 1394 682 1458 aestatem
707 1405 729 1454 a
753 1387 867 1456 radice
895 1394 1005 1474 tham
1030 1372 1203 1470 (aestas).

121 1443 221 1474 ΜΜΛ

274 1537 378 1610 Certe
404 1541 496 1611 initia
523 1539 651 1630 periodi
677 1539 873 1608 canicularis
880 1585 894 1626 ,
923 1555 986 1625 qua
1013 1534 1121 1606 Sirius
1149 1551 1265 1604 meuse
1291 1541 1405 1605 nostra
1435 1536 1526 1607 Julia
1546 1537 1704 1609 heliacice
1725 1542 1901 1632 oriebatur,

121 1656 362 1746 Aegyptiorum
383 1659 493 1728 Thoth
513 1677 586 1728 cam
606 1657 711 1746 prima
730 1656 809 1722 anni
829 1660 1028 1744 tempestate
1048 1654 1163 1724 incidit
1182 1651 1217 1722 iu
1241 1659 1442 1745 autumnum,
1460 1656 1503 1724 ab
1523 1657 1736 1728 inundatione
1756 1659 1827 1728 Nili
1846 1660 1902 1730 iu·

121 1775 309 1861 cipientem.

276 1927 347 1994 iam
367 1925 421 1992 his
442 1930 673 2013 tempestatum
692 1923 783 1992 uotis
803 1923 1023 2011 adiunguntur
1042 1923 1209 1994 historicis
1235 1924 1270 1994 in
1296 1928 1513 1996 monumentis
1533 1928 1659 1997 dierum
1678 1926 1821 2022 numeri,
1841 1945 1900 2016 pra

120 2043 239 2130 quihus
261 2043 421 2132 Aegyptii
440 2042 520 2112 item
539 2041 718 2128 singularia
738 2042 837 2130 signa
856 2043 921 2111 sihi
940 2042 1181 2133 excogitarunt,
1201 2062 1264 2132 quo
1285 2044 1415 2113 facilius
1435 2064 1588 2115 numeras
1608 2063 1765 2114 annorum
1785 2063 1807 2114 a
1827 2044 1902 2115 die-

119 2179 194 2228 rum
214 2161 302 2228 notis
323 2159 575 2250 distinguerent,
595 2157 714 2228 saltem
726 2159 892 2230 hieratiaie
901 2160 1139 2250 dematiaisqae
1157 2161 1194 2227 in
1204 2163 1347 2252 scriptis
1367 2163 1523 2234 inuenies
1535 2163 1623 2232 enim
1643 2168 1721 2250 past
1741 2162 1902 2232 vacahula

118 2252 307 2416 3ss
327 2245 879 2421 &Zama-Ado
901 2355 946 2389 =
966 2359 1012 2416 ω
1031 2357 1076 2389 -·
1096 2350 1127 2418 o
1151 2355 1197 2389 ··=
1222 2347 1287 2418 aa
1306 2321 1392 2427 (aa,
1418 2337 1505 2426 aas
1527 2315 1625 2415 us.)
1657 2319 1902 2410 hieroglyphice

121 2446 251 2534 quidem
273 2467 426 2518 numeras
444 2449 509 2516 iam
529 2455 639 2540 natas,
659 2457 737 2538 past
757 2447 916 2517 hieratica
936 2454 972 2514 et
993 2446 1155 2516 dematica
1175 2467 1258 2517 vera
1278 2450 1375 2535 signa
1389 2466 1593 2517 numerorum
1610 2445 1799 2535 singularia,
1818 2465 1900 2534 par-

120 2563 181 2630 tim
202 2582 223 2632 e
249 2567 393 2636 umeris
423 2566 616 2654 vulgaribus
635 2568 752 2656 petita,
771 2567 890 2655 partim
910 2585 1014 2658 naua,
1035 2585 1120 2654 qaae
1141 2567 1223 2634 Tah.
1247 2565 1266 2632 1
1286 2566 1463 2654 posuimus.
1507 2562 1620 2634 claret
1639 2565 1726 2632 enim
1746 2581 1906 2633 numeros

120 2714 146 2768 2
179 2685 206 2770 3
236 2685 286 2772 23
331 2686 382 2772 33
422 2691 513 2754 onos
540 2703 620 2756 esse
643 2703 664 2754 o
689 2685 885 2773 repentens
909 2683 1059 2752 vnum
1107 2681 1215 2772 sagn.
1243 2660 1368 2773 ηε]
1386 2713 1431 2746 -.-.
1461 2681 1491 2754 4
1516 2689 1552 2753 et
1571 2677 1901 2802 kk²²⁹¹¹⁸¹¹⁶

120 2811 223 2880 dubie
246 2821 324 2882 sant
348 2817 474 2882 numeri
495 2818 652 2903 vulgares
679 2819 820 2911 amati,
846 2823 946 2908 atque
960 2801 1293 2912 )=-·l=l⁰,
1313 2799 1613 2914 j¹=7=80
1639 2817 1797 2888 ametur
1814 2835 1860 2888 ex
1884 2814 1898 2884 Ι

118 2945 210 3011 .-.-.1
244 2951 334 3035 arta,
367 2947 515 3034 patentia
541 2947 677 3018 denam
696 2957 803 3018 aucto.
853 2951 1010 3040 Denique
1052 2907 1194 3042 kd
1218 2979 1263 3014 ι-
1297 2937 1324 3051 (
1357 2963 1413 3024 est
1432 2956 1529 3024 litera
1555 2953 1821 3043 frequentissima
1840 2945 1922 3018 sa-'

119 3099 197 3148 nnn
223 3059 475 3172 bergononus,
486 3099 587 3169 quare
599 3083 686 3151 vers
724 3037 1254 3180 pl>=50=flrnerprenn
1271 3097 1322 3184 pr
1348 3068 1532 3158 barnem
1553 3088 1711 3156 viuum.

274 3225 458 3302 Praeterea
479 3232 681 3325 monendum,
700 3255 928 3324 nonnunquam
948 3237 1089 3324 reperiri
1108 3253 1262 3305 numeros
1281 3236 1543 3326 hieroglyphicas
1562 3237 1598 3304 in
1618 3235 1766 3304 textibus
1787 3234 1899 3303 hiera-

122 3347 201 3418 ticis
211 3397 224 3439 ,
256 3347 434 3417 hieraticos
460 3351 494 3419 in
524 3351 717 3443 demoticis,
750 3353 890 3440 viceque
914 3370 1028 3421 versa.
1070 3351 1131 3421 Sic
1159 3355 1192 3423 in
1218 3355 1305 3423 cista
1338 3353 1477 3422 marniae
1503 3352 1898 3440 Graeca-Aegyptiacae

123 3482 301 3552 Taarineai
319 3435 663 3578 Sexprimiturw,
691 3505 776 3576 quae
801 3486 900 3573 signa
925 3491 1003 3552 sunt
1031 3484 1191 3554 hieratica
1218 3486 1354 3555 dierum.
1403 3485 1515 3554 Etiam
1534 3483 1686 3574 vidimus,
1714 3483 1802 3554 haud
1822 3503 1898 3552 raro

122 3621 181 3689 pra
203 3607 347 3668 numeris
368 3601 556 3690 vulgarihns
576 3605 653 3692 pani
673 3623 826 3672 numeros
846 3602 971 3670 dieram
989 3601 1149 3672 hieratica
1170 3609 1208 3674 et
1227 3601 1400 3689 dematice,
1415 3603 1466 3672 vti
1486 3603 1522 3671 in
1560 3599 1678 3692 thill-
1713 3619 1774 3689 pra
1807 3619 1898 3692 ng

121 3744 164 3779 =
185 3715 254 3808 44,
273 3719 366 3788 auius
385 3719 521 3808 generis
541 3727 679 3810 peccata
700 3721 864 3790 nemiuem
879 3718 1056 3790 eamdent

628 3949 666 4028 s.
691 3943 732 4018 7.
782 3938 843 4020 De
866 3939 1016 4044 reliquis
1040 3940 1154 4042 εξᾳηίσ
1176 3940 1383 4020 maeres.

276 4121 419 4192 Praeter
448 4143 601 4198 numeras
625 4124 912 4215 hieroglyphicas,
935 4124 1113 4194 mertanne
1147 4127 1184 4192 et
1210 4121 1392 4192 demoliens
1416 4121 1585 4212 vulgares,
1603 4137 1666 4192 aea
1685 4138 1753 4190 nau
1773 4119 1898 4189 dierum

125 4241 346 4330 mensiumque
375 4247 474 4310 natas
500 4242 658 4332 Aegyptii
684 4243 751 4312 alia
774 4261 901 4332 quaque
927 4243 962 4310 in
986 4261 1051 4312 vsu
1076 4240 1260 4312 hahuerunt
1286 4239 1383 4328 sigua
1408 4240 1585 4330 numerica,
1605 4256 1725 4328 nempe
1744 4255 1898 4308 mammas

124 4359 301 4450 ordinales,
327 4359 554 4450 aduerhiales,
578 4361 843 4452 longitudiuales,
870 4358 1063 4449 improprias
1091 4365 1190 4450 alque
1216 4359 1352 4452 fractos,
1371 4358 1416 4430 de
1436 4357 1553 4450 quihus
1577 4362 1732 4447 προνοεῖ
1751 4354 1896 4426 breuiter

124 4475 301 4548 disserere.

277 4629 305 4697 l.
347 4629 484 4698 Numeri
504 4626 670 4697 ordinales
689 4627 840 4698 hieratici
859 4635 894 4698 et
913 4628 1067 4698 dematici
1086 4647 1151 4698 nan
1172 4627 1323 4700 dicerunt
1343 4646 1365 4697 a
1384 4625 1573 4715 vulgaribus
1584 4625 1650 4695 nisi
1670 4621 1817 4716 apiclhus
1830 4623 1894 4694 ad·

127 4743 258 4834 iunctis,
277 4747 328 4834 vti
348 4746 469 4815 docent
486 4746 617 4848 numeri,
633 4745 677 4838 de
697 4764 823 4836 papyro
843 4745 1059 4852 hlinutpliana
1080 4764 1181 4836 supra
1201 4745 1369 4836 descripti.
1411 4745 1500 4814 Hinc
1527 4721 1581 4835 1¹1
1601 4721 1803 4836 ulaumeraa
1818 4741 1894 4812 aar*

126 4895 267 4989 diuales,
289 4848 308 4985 ἶ
332 4848 361 4988 hl
384 4849 424 4988 hp
450 4917 532 4970 vero
552 4867 719 4970 ordinales
740 4898 934 4990 aignihcant,
954 4903 991 4968 et
1010 4897 1061 4968 sic
1080 4899 1116 4968 in
1134 4897 1280 4989 reliquia
1320 4895 1493 4968 Demades
1511 4895 1610 4968 iidem
1629 4898 1745 4986 apices
1757 4891 1894 4962 conian-

127 5019 245 5098 gautar
265 5017 513 5109 machanaria,
536 5023 576 5088 vt
608 5016 779 5108 inscriptio
806 5015 993 5088 Rasum
1019 5015 1128 5109 docet,
1154 5017 1211 5088 vhi
1243 4982 1298 5098 fh
1313 4983 1339 5104 ἱ
1352 5017 1538 5107 aiguidmt
1551 5014 1697 5104 primun,
1707 5007 1895 5096 mma
