<?xml version="1.0" encoding="UTF-8"?>
<!DOCTYPE html PUBLIC "-//W3C//DTD XHTML 1.0 Transitional//EN"
    "http://www.w3.org/TR/xhtml1/DTD/xhtml1-transitional.dtd">
<html xmlns="http://www.w3.org/1999/xhtml" xml:lang="en" lang="en">
 <head>
  <title>
</title>
<meta http-equiv="Content-Type" content="text/html;charset=utf-8" />
  <meta name='ocr-system' content='tesseract 3.04.00' />
  <meta name='ocr-capabilities' content='ocr_page ocr_carea ocr_par ocr_line ocrx_word'/>
</head>
<body>
  <div class='ocr_page' id='page_1' title='image "./beitraegezurken01staagoog_0169.png"; bbox 0 0 4774 6104; ppageno 0'>
   <div class='ocr_carea' id='block_1_1' title="bbox 906 611 1155 693">
    <p class='ocr_par' dir='ltr' id='par_1_1' title="bbox 906 611 1155 693">
     <span class='ocr_line' id='line_1_1' title="bbox 906 611 1155 693; baseline 0 -15"><span class='ocrx_word' id='word_1_1' title='bbox 906 611 1155 693; x_wconf 80' lang='grc'>-73-.</span> 
     </span>
    </p>
   </div>
   <div class='ocr_carea' id='block_1_2' title="bbox 137 805 2024 1032">
    <p class='ocr_par' dir='ltr' id='par_1_2' title="bbox 137 805 2024 1032">
     <span class='ocr_line' id='line_1_2' title="bbox 282 805 2024 920; baseline 0.004 -30"><span class='ocrx_word' id='word_1_2' title='bbox 282 818 378 919; x_wconf 59' lang='grc'><strong>1))</strong></span> <span class='ocrx_word' id='word_1_3' title='bbox 403 837 457 875; x_wconf 83' lang='lat'><em>=</em></span> <span class='ocrx_word' id='word_1_4' title='bbox 482 837 527 920; x_wconf 56' lang='grc' dir='ltr'><strong>ω’·</strong></span> <span class='ocrx_word' id='word_1_5' title='bbox 549 828 592 908; x_wconf 65' lang='lat' dir='ltr'><strong>‚t</strong></span> <span class='ocrx_word' id='word_1_6' title='bbox 634 805 803 888; x_wconf 83' lang='lat' dir='ltr'><strong>Persicum</strong></span> <span class='ocrx_word' id='word_1_7' title='bbox 823 835 849 888; x_wconf 83' lang='lat' dir='ltr'><strong>ra</strong></span> <span class='ocrx_word' id='word_1_8' title='bbox 869 817 1059 887; x_wconf 87' lang='lat' dir='ltr'><strong>hodiemnm</strong></span> <span class='ocrx_word' id='word_1_9' title='bbox 1079 820 1120 887; x_wconf 88' lang='lat' dir='ltr'><strong>ab</strong></span> <span class='ocrx_word' id='word_1_10' title='bbox 1142 818 1274 908; x_wconf 82' lang='lat' dir='ltr'><strong>antiquo</strong></span> <span class='ocrx_word' id='word_1_11' title='bbox 1296 819 1368 888; x_wconf 89' lang='lat' dir='ltr'><strong>sola</strong></span> <span class='ocrx_word' id='word_1_12' title='bbox 1387 819 1528 892; x_wconf 90' lang='lat' dir='ltr'><strong>lineolae</strong></span> <span class='ocrx_word' id='word_1_13' title='bbox 1549 807 1657 891; x_wconf 83' lang='lat' dir='ltr'><strong>finalis</strong></span> <span class='ocrx_word' id='word_1_14' title='bbox 1680 823 1903 898; x_wconf 72' lang='lat' dir='ltr'><strong>incarnatione</strong></span> <span class='ocrx_word' id='word_1_15' title='bbox 2019 819 2024 840; x_wconf 90' lang='lat'>&#39;</span> 
     </span>
     <span class='ocr_line' id='line_1_3' title="bbox 137 933 1902 1032; baseline 0.005 -26"><span class='ocrx_word' id='word_1_16' title='bbox 137 934 264 1028; x_wconf 76' lang='lat' dir='ltr'><strong>differt,</strong></span> <span class='ocrx_word' id='word_1_17' title='bbox 295 945 394 1028; x_wconf 78' lang='lat' dir='ltr'><strong>atque</strong></span> <span class='ocrx_word' id='word_1_18' title='bbox 420 939 609 1008; x_wconf 89' lang='lat' dir='ltr'><strong>Pehluicum</strong></span> <span class='ocrx_word' id='word_1_19' title='bbox 636 933 754 1032; x_wconf 68' lang='lat' dir='ltr'><strong>§apud</strong></span> <span class='ocrx_word' id='word_1_20' title='bbox 775 935 923 1005; x_wconf 82' lang='lat' dir='ltr'>Niebuhr</span> <span class='ocrx_word' id='word_1_21' title='bbox 942 955 1014 1005; x_wconf 82' lang='lat' dir='ltr'><strong>nura</strong></span> <span class='ocrx_word' id='word_1_22' title='bbox 1034 937 1232 1024; x_wconf 84' lang='lat' dir='ltr'><strong>appellatum</strong></span> <span class='ocrx_word' id='word_1_23' title='bbox 1244 955 1287 1005; x_wconf 96' lang='lat' dir='ltr'><strong>ne</strong></span> <span class='ocrx_word' id='word_1_24' title='bbox 1303 947 1423 1026; x_wconf 88' lang='lat' dir='ltr'><strong>puncto</strong></span> <span class='ocrx_word' id='word_1_25' title='bbox 1445 938 1574 1027; x_wconf 87' lang='lat' dir='ltr'><strong>quidem</strong></span> <span class='ocrx_word' id='word_1_26' title='bbox 1586 941 1902 1030; x_wconf 82' lang='lat' dir='ltr'><strong>caretNeuporsico.</strong></span> 
     </span>
    </p>
   </div>
   <div class='ocr_carea' id='block_1_3' title="bbox 131 1065 1907 2111">
    <p class='ocr_par' dir='ltr' id='par_1_3' title="bbox 133 1065 1905 1630">
     <span class='ocr_line' id='line_1_4' title="bbox 289 1065 1903 1190; baseline 0.007 -55"><span class='ocrx_word' id='word_1_27' title='bbox 289 1087 321 1128; x_wconf 68' lang='lat' dir='ltr'><strong>aa</strong></span> <span class='ocrx_word' id='word_1_28' title='bbox 344 1090 370 1128; x_wconf 68' lang='lat' dir='ltr'><strong>a</strong></span> <span class='ocrx_word' id='word_1_29' title='bbox 393 1091 447 1125; x_wconf 88' lang='lat'>=</span> <span class='ocrx_word' id='word_1_30' title='bbox 471 1109 515 1164; x_wconf 62' lang='grc' dir='ltr'><strong>υ,</strong></span> <span class='ocrx_word' id='word_1_31' title='bbox 539 1097 597 1190; x_wconf 62' lang='lat'><strong>3⁴³·</strong></span> <span class='ocrx_word' id='word_1_32' title='bbox 640 1069 695 1138; x_wconf 83' lang='lat' dir='ltr'><strong>lle</strong></span> <span class='ocrx_word' id='word_1_33' title='bbox 715 1069 923 1138; x_wconf 82' lang='lat' dir='ltr'><strong>similitudine</strong></span> <span class='ocrx_word' id='word_1_34' title='bbox 943 1065 1055 1139; x_wconf 90' lang='lat' dir='ltr'><strong>harum</strong></span> <span class='ocrx_word' id='word_1_35' title='bbox 1076 1071 1242 1139; x_wconf 89' lang='lat' dir='ltr'><strong>literarum</strong></span> <span class='ocrx_word' id='word_1_36' title='bbox 1262 1072 1322 1139; x_wconf 86' lang='lat' dir='ltr'><strong>vix</strong></span> <span class='ocrx_word' id='word_1_37' title='bbox 1343 1079 1490 1161; x_wconf 85' lang='lat' dir='ltr'><strong>opusest</strong></span> <span class='ocrx_word' id='word_1_38' title='bbox 1507 1073 1681 1142; x_wconf 88' lang='lat' dir='ltr'><strong>disserere.</strong></span> <span class='ocrx_word' id='word_1_39' title='bbox 1725 1074 1903 1146; x_wconf 83' lang='lat' dir='ltr'><strong>Zeudicuru</strong></span> 
     </span>
     <span class='ocr_line' id='line_1_5' title="bbox 135 1185 1903 1282; baseline -0.002 -22"><span class='ocrx_word' id='word_1_40' title='bbox 135 1205 182 1282; x_wconf 57' lang='grc' dir='ltr'><strong>ω,</strong></span> <span class='ocrx_word' id='word_1_41' title='bbox 202 1187 287 1280; x_wconf 83' lang='lat' dir='ltr'><strong>qnod</strong></span> <span class='ocrx_word' id='word_1_42' title='bbox 300 1189 467 1278; x_wconf 79' lang='lat' dir='ltr'><strong>Anquetil,</strong></span> <span class='ocrx_word' id='word_1_43' title='bbox 480 1196 518 1258; x_wconf 93' lang='lat' dir='ltr'><strong>vt</strong></span> <span class='ocrx_word' id='word_1_44' title='bbox 538 1187 595 1256; x_wconf 89' lang='lat' dir='ltr'><strong>alii</strong></span> <span class='ocrx_word' id='word_1_45' title='bbox 615 1188 679 1256; x_wconf 90' lang='lat' dir='ltr'><strong>iam</strong></span> <span class='ocrx_word' id='word_1_46' title='bbox 699 1186 863 1272; x_wconf 88' lang='lat' dir='ltr'><strong>viderunt,</strong></span> <span class='ocrx_word' id='word_1_47' title='bbox 883 1205 1057 1277; x_wconf 85' lang='lat' dir='ltr'><strong>perperam</strong></span> <span class='ocrx_word' id='word_1_48' title='bbox 1072 1187 1217 1256; x_wconf 82' lang='lat' dir='ltr'><strong>contudit</strong></span> <span class='ocrx_word' id='word_1_49' title='bbox 1237 1206 1308 1254; x_wconf 90' lang='lat' dir='ltr'><strong>cum</strong></span> <span class='ocrx_word' id='word_1_50' title='bbox 1329 1203 1370 1274; x_wconf 62' lang='lat' dir='ltr'><strong>uo</strong></span> <span class='ocrx_word' id='word_1_51' title='bbox 1397 1185 1432 1250; x_wconf 86' lang='lat' dir='ltr'><strong>et</strong></span> <span class='ocrx_word' id='word_1_52' title='bbox 1456 1205 1507 1279; x_wconf 55' lang='lat' dir='ltr'><strong>oo,</strong></span> <span class='ocrx_word' id='word_1_53' title='bbox 1527 1192 1743 1278; x_wconf 81' lang='lat' dir='ltr'><strong>pronunciant</strong></span> <span class='ocrx_word' id='word_1_54' title='bbox 1768 1191 1903 1260; x_wconf 81' lang='lat' dir='ltr'><strong>ltaslur</strong></span> 
     </span>
     <span class='ocr_line' id='line_1_6' title="bbox 134 1296 1904 1401; baseline 0 -25"><span class='ocrx_word' id='word_1_55' title='bbox 134 1313 195 1376; x_wconf 89' lang='lat' dir='ltr'><strong>aut</strong></span> <span class='ocrx_word' id='word_1_56' title='bbox 214 1324 261 1392; x_wconf 81' lang='lat' dir='ltr'><strong>ar,</strong></span> <span class='ocrx_word' id='word_1_57' title='bbox 281 1306 376 1394; x_wconf 84' lang='lat' dir='ltr'><strong>llopp</strong></span> <span class='ocrx_word' id='word_1_58' title='bbox 397 1325 416 1373; x_wconf 85' lang='lat' dir='ltr'><strong>r</strong></span> <span class='ocrx_word' id='word_1_59' title='bbox 436 1312 493 1374; x_wconf 91' lang='lat' dir='ltr'><strong>aut</strong></span> <span class='ocrx_word' id='word_1_60' title='bbox 513 1305 584 1373; x_wconf 82' lang='lat' dir='ltr'><strong>ach.</strong></span> <span class='ocrx_word' id='word_1_61' title='bbox 613 1305 729 1371; x_wconf 84' lang='lat' dir='ltr'><strong>Litora</strong></span> <span class='ocrx_word' id='word_1_62' title='bbox 749 1319 790 1390; x_wconf 66' lang='lat' dir='ltr'><strong>,aa</strong></span> <span class='ocrx_word' id='word_1_63' title='bbox 818 1304 937 1391; x_wconf 83' lang='lat' dir='ltr'><strong>lluppii</strong></span> <span class='ocrx_word' id='word_1_64' title='bbox 965 1323 986 1372; x_wconf 87' lang='lat' dir='ltr'><strong>e</strong></span> <span class='ocrx_word' id='word_1_65' title='bbox 1014 1305 1183 1370; x_wconf 86' lang='lat' dir='ltr'><strong>sententia</strong></span> <span class='ocrx_word' id='word_1_66' title='bbox 1211 1304 1316 1372; x_wconf 86' lang='lat' dir='ltr'><strong>literis</strong></span> <span class='ocrx_word' id='word_1_67' title='bbox 1342 1303 1447 1390; x_wconf 71' lang='lat' dir='ltr'><strong>raet,</strong></span> <span class='ocrx_word' id='word_1_68' title='bbox 1462 1296 1578 1397; x_wconf 52' lang='grc' dir='ltr'><strong>(ψ.)</strong></span> <span class='ocrx_word' id='word_1_69' title='bbox 1591 1313 1741 1401; x_wconf 82' lang='lat' dir='ltr'><strong>constut3</strong></span> <span class='ocrx_word' id='word_1_70' title='bbox 1756 1315 1904 1377; x_wconf 75' lang='lat' dir='ltr'><strong>attamen</strong></span> 
     </span>
     <span class='ocr_line' id='line_1_7' title="bbox 133 1417 1905 1514; baseline 0.002 -23"><span class='ocrx_word' id='word_1_71' title='bbox 133 1439 163 1509; x_wconf 55' lang='grc' dir='ltr'><strong>,ν</strong></span> <span class='ocrx_word' id='word_1_72' title='bbox 184 1423 270 1511; x_wconf 88' lang='lat' dir='ltr'><strong>apud</strong></span> <span class='ocrx_word' id='word_1_73' title='bbox 290 1424 497 1511; x_wconf 85' lang='lat' dir='ltr'><strong>Anqnetilum</strong></span> <span class='ocrx_word' id='word_1_74' title='bbox 518 1441 577 1510; x_wconf 87' lang='lat' dir='ltr'><strong>pro</strong></span> <span class='ocrx_word' id='word_1_75' title='bbox 598 1457 642 1514; x_wconf 62' lang='lat' dir='ltr'><strong>ua</strong></span> <span class='ocrx_word' id='word_1_76' title='bbox 662 1421 801 1488; x_wconf 90' lang='lat' dir='ltr'><strong>Persico</strong></span> <span class='ocrx_word' id='word_1_77' title='bbox 822 1420 992 1509; x_wconf 79' lang='lat' dir='ltr'><strong>reperitur.</strong></span> <span class='ocrx_word' id='word_1_78' title='bbox 1036 1417 1224 1487; x_wconf 86' lang='lat' dir='ltr'><strong>Pehluicum</strong></span> <span class='ocrx_word' id='word_1_79' title='bbox 1245 1437 1284 1503; x_wconf 69' lang='lat' dir='ltr'><strong>a,</strong></span> <span class='ocrx_word' id='word_1_80' title='bbox 1299 1421 1384 1508; x_wconf 86' lang='lat' dir='ltr'><strong>quod</strong></span> <span class='ocrx_word' id='word_1_81' title='bbox 1405 1423 1513 1510; x_wconf 83' lang='lat' dir='ltr'><strong>paullo</strong></span> <span class='ocrx_word' id='word_1_82' title='bbox 1535 1423 1658 1491; x_wconf 90' lang='lat' dir='ltr'><strong>curtius</strong></span> <span class='ocrx_word' id='word_1_83' title='bbox 1679 1430 1733 1491; x_wconf 90' lang='lat' dir='ltr'><strong>est</strong></span> <span class='ocrx_word' id='word_1_84' title='bbox 1755 1422 1905 1494; x_wconf 82' lang='lat' dir='ltr'><strong>Zendico</strong></span> 
     </span>
     <span class='ocr_line' id='line_1_8' title="bbox 134 1533 1780 1630; baseline -0.001 -19"><span class='ocrx_word' id='word_1_85' title='bbox 134 1555 169 1597; x_wconf 59' lang='grc' dir='ltr'><strong><em>Ν</em></strong></span> <span class='ocrx_word' id='word_1_86' title='bbox 201 1540 370 1628; x_wconf 78' lang='lat' dir='ltr'><strong>magisque</strong></span> <span class='ocrx_word' id='word_1_87' title='bbox 397 1540 602 1628; x_wconf 81' lang='lat' dir='ltr'><strong>Neopersicu</strong></span> <span class='ocrx_word' id='word_1_88' title='bbox 628 1563 673 1626; x_wconf 66' lang='lat' dir='ltr'><strong>,r</strong></span> <span class='ocrx_word' id='word_1_89' title='bbox 695 1536 859 1626; x_wconf 89' lang='lat' dir='ltr'><strong>conuenit,</strong></span> <span class='ocrx_word' id='word_1_90' title='bbox 883 1533 1066 1604; x_wconf 85' lang='lat' dir='ltr'><strong>Niebuhrio</strong></span> <span class='ocrx_word' id='word_1_91' title='bbox 1087 1541 1225 1604; x_wconf 90' lang='lat' dir='ltr'><strong>vocatur</strong></span> <span class='ocrx_word' id='word_1_92' title='bbox 1244 1539 1571 1625; x_wconf 63' lang='lat' dir='ltr'><strong>samothraciam</strong></span> <span class='ocrx_word' id='word_1_93' title='bbox 1594 1573 1638 1630; x_wconf 65' lang='grc' dir='ltr'><strong>υ»</strong></span> <span class='ocrx_word' id='word_1_94' title='bbox 1664 1538 1780 1630; x_wconf 73' lang='grc' dir='ltr'><strong><em>(εἰη).</em></strong></span> 
     </span>
    </p>

    <p class='ocr_par' dir='ltr' id='par_1_4' title="bbox 131 1669 1907 2111">
     <span class='ocr_line' id='line_1_9' title="bbox 222 1669 1907 1786; baseline 0.009 -57"><span class='ocrx_word' id='word_1_95' title='bbox 222 1764 225 1771; x_wconf 26' lang='grc' dir='ltr'>Ι</span> <span class='ocrx_word' id='word_1_96' title='bbox 285 1689 315 1730; x_wconf 75' lang='lat' dir='ltr'><strong>a</strong></span> <span class='ocrx_word' id='word_1_97' title='bbox 339 1689 368 1728; x_wconf 71' lang='lat' dir='ltr'><strong>a</strong></span> <span class='ocrx_word' id='word_1_98' title='bbox 392 1692 445 1725; x_wconf 91' lang='lat'>=</span> <span class='ocrx_word' id='word_1_99' title='bbox 471 1697 518 1761; x_wconf 62' lang='lat' dir='ltr'><strong>„a</strong></span> <span class='ocrx_word' id='word_1_100' title='bbox 544 1711 601 1786; x_wconf 46' lang='grc' dir='ltr'><strong>Ρ.</strong></span> <span class='ocrx_word' id='word_1_101' title='bbox 644 1670 785 1755; x_wconf 79' lang='lat' dir='ltr'><strong>Quarum</strong></span> <span class='ocrx_word' id='word_1_102' title='bbox 805 1670 969 1737; x_wconf 90' lang='lat' dir='ltr'><strong>literarum</strong></span> <span class='ocrx_word' id='word_1_103' title='bbox 989 1675 1112 1758; x_wconf 89' lang='lat' dir='ltr'><strong>quanta</strong></span> <span class='ocrx_word' id='word_1_104' title='bbox 1132 1669 1177 1736; x_wconf 90' lang='lat' dir='ltr'><strong>sit</strong></span> <span class='ocrx_word' id='word_1_105' title='bbox 1197 1671 1341 1739; x_wconf 87' lang='lat' dir='ltr'><strong>allinitas</strong></span> <span class='ocrx_word' id='word_1_106' title='bbox 1361 1691 1454 1741; x_wconf 90' lang='lat' dir='ltr'><strong>nemo</strong></span> <span class='ocrx_word' id='word_1_107' title='bbox 1475 1694 1540 1742; x_wconf 92' lang='lat' dir='ltr'><strong>uon</strong></span> <span class='ocrx_word' id='word_1_108' title='bbox 1553 1673 1655 1742; x_wconf 84' lang='lat' dir='ltr'><strong>videt.</strong></span> <span class='ocrx_word' id='word_1_109' title='bbox 1698 1671 1907 1744; x_wconf 71' lang='lat' dir='ltr'><strong>Prunnncia-</strong></span> 
     </span>
     <span class='ocr_line' id='line_1_10' title="bbox 134 1779 1903 1880; baseline 0.001 -22"><span class='ocrx_word' id='word_1_110' title='bbox 134 1795 190 1858; x_wconf 89' lang='lat' dir='ltr'><strong>tur</strong></span> <span class='ocrx_word' id='word_1_111' title='bbox 210 1807 291 1859; x_wconf 88' lang='lat' dir='ltr'><strong>veru</strong></span> <span class='ocrx_word' id='word_1_112' title='bbox 311 1779 494 1857; x_wconf 66' lang='lat' dir='ltr'><strong>Zcudissrm</strong></span> <span class='ocrx_word' id='word_1_113' title='bbox 513 1804 541 1842; x_wconf 66' lang='lat' dir='ltr'><strong>a</strong></span> <span class='ocrx_word' id='word_1_114' title='bbox 569 1788 619 1856; x_wconf 87' lang='lat' dir='ltr'><strong>vti</strong></span> <span class='ocrx_word' id='word_1_115' title='bbox 647 1813 695 1877; x_wconf 65' lang='lat' dir='ltr'><strong>a?</strong></span> <span class='ocrx_word' id='word_1_116' title='bbox 717 1787 894 1857; x_wconf 87' lang='lat' dir='ltr'><strong>secundum</strong></span> <span class='ocrx_word' id='word_1_117' title='bbox 915 1783 1142 1876; x_wconf 63' lang='lat' dir='ltr'><strong>(inordinati</strong></span> <span class='ocrx_word' id='word_1_118' title='bbox 1163 1823 1206 1878; x_wconf 60' lang='lat' dir='ltr'><strong>„a</strong></span> <span class='ocrx_word' id='word_1_119' title='bbox 1222 1787 1398 1856; x_wconf 84' lang='lat' dir='ltr'><strong>secuudum</strong></span> <span class='ocrx_word' id='word_1_120' title='bbox 1419 1789 1586 1880; x_wconf 84' lang='lat' dir='ltr'><strong>Anquetil,</strong></span> <span class='ocrx_word' id='word_1_121' title='bbox 1606 1791 1697 1876; x_wconf 76' lang='lat' dir='ltr'><strong>vtic</strong></span> <span class='ocrx_word' id='word_1_122' title='bbox 1724 1789 1903 1860; x_wconf 89' lang='lat' dir='ltr'><strong>secuudum</strong></span> 
     </span>
     <span class='ocr_line' id='line_1_11' title="bbox 131 1901 1903 1994; baseline 0.001 -21"><span class='ocrx_word' id='word_1_123' title='bbox 131 1905 234 1973; x_wconf 83' lang='lat' dir='ltr'><strong>Raslu</strong></span> <span class='ocrx_word' id='word_1_124' title='bbox 255 1910 291 1972; x_wconf 91' lang='lat' dir='ltr'><strong>ct</strong></span> <span class='ocrx_word' id='word_1_125' title='bbox 315 1905 472 1994; x_wconf 86' lang='lat' dir='ltr'><strong>Buruoui,</strong></span> <span class='ocrx_word' id='word_1_126' title='bbox 500 1907 550 1974; x_wconf 88' lang='lat' dir='ltr'><strong>vti</strong></span> <span class='ocrx_word' id='word_1_127' title='bbox 571 1907 590 1975; x_wconf 82' lang='lat' dir='ltr'><strong>t</strong></span> <span class='ocrx_word' id='word_1_128' title='bbox 609 1907 666 1975; x_wconf 85' lang='lat' dir='ltr'><strong>vel</strong></span> <span class='ocrx_word' id='word_1_129' title='bbox 685 1904 725 1982; x_wconf 77' lang='lat' dir='ltr'><strong>ill</strong></span> <span class='ocrx_word' id='word_1_130' title='bbox 745 1903 923 1974; x_wconf 89' lang='lat' dir='ltr'><strong>secundum</strong></span> <span class='ocrx_word' id='word_1_131' title='bbox 943 1904 1048 1990; x_wconf 87' lang='lat' dir='ltr'><strong>Bopp.</strong></span> <span class='ocrx_word' id='word_1_132' title='bbox 1101 1901 1253 1973; x_wconf 79' lang='lat' dir='ltr'><strong>Ceterum</strong></span> <span class='ocrx_word' id='word_1_133' title='bbox 1276 1904 1373 1972; x_wconf 83' lang='lat' dir='ltr'><strong>Pausi</strong></span> <span class='ocrx_word' id='word_1_134' title='bbox 1392 1921 1421 1960; x_wconf 70' lang='lat' dir='ltr'><strong>a</strong></span> <span class='ocrx_word' id='word_1_135' title='bbox 1447 1906 1636 1975; x_wconf 88' lang='lat' dir='ltr'><strong>Pchluicum</strong></span> <span class='ocrx_word' id='word_1_136' title='bbox 1662 1913 1698 1975; x_wconf 87' lang='lat' dir='ltr'><strong>et</strong></span> <span class='ocrx_word' id='word_1_137' title='bbox 1722 1905 1903 1974; x_wconf 81' lang='lat' dir='ltr'><strong>Zeudicuru</strong></span> 
     </span>
     <span class='ocr_line' id='line_1_12' title="bbox 132 2021 1636 2111; baseline 0.002 -23"><span class='ocrx_word' id='word_1_138' title='bbox 132 2021 314 2090; x_wconf 81' lang='lat' dir='ltr'><strong>Niebuhrio</strong></span> <span class='ocrx_word' id='word_1_139' title='bbox 334 2027 494 2089; x_wconf 90' lang='lat' dir='ltr'><strong>vocarunt</strong></span> <span class='ocrx_word' id='word_1_140' title='bbox 514 2041 552 2090; x_wconf 85' lang='lat' dir='ltr'><strong>rc</strong></span> <span class='ocrx_word' id='word_1_141' title='bbox 572 2026 609 2091; x_wconf 90' lang='lat' dir='ltr'><strong>et</strong></span> <span class='ocrx_word' id='word_1_142' title='bbox 628 2039 678 2088; x_wconf 80' lang='lat' dir='ltr'><strong>aru</strong></span> <span class='ocrx_word' id='word_1_143' title='bbox 723 2023 815 2104; x_wconf 79' lang='lat' dir='ltr'><strong>Quas</strong></span> <span class='ocrx_word' id='word_1_144' title='bbox 836 2022 877 2088; x_wconf 93' lang='lat' dir='ltr'><strong>oh</strong></span> <span class='ocrx_word' id='word_1_145' title='bbox 900 2037 1019 2087; x_wconf 86' lang='lat' dir='ltr'><strong>causas</strong></span> <span class='ocrx_word' id='word_1_146' title='bbox 1039 2035 1068 2074; x_wconf 70' lang='lat' dir='ltr'><strong>a</strong></span> <span class='ocrx_word' id='word_1_147' title='bbox 1089 2043 1149 2110; x_wconf 84' lang='lat' dir='ltr'><strong>pru</strong></span> <span class='ocrx_word' id='word_1_148' title='bbox 1170 2023 1307 2090; x_wconf 87' lang='lat' dir='ltr'><strong>Parsicu</strong></span> <span class='ocrx_word' id='word_1_149' title='bbox 1325 2047 1372 2111; x_wconf 63' lang='lat' dir='ltr'><strong>„a</strong></span> <span class='ocrx_word' id='word_1_150' title='bbox 1388 2023 1499 2094; x_wconf 84' lang='lat' dir='ltr'><strong>hateri</strong></span> <span class='ocrx_word' id='word_1_151' title='bbox 1526 2022 1636 2091; x_wconf 90' lang='lat' dir='ltr'><strong>dehet.</strong></span> 
     </span>
    </p>
   </div>
   <div class='ocr_carea' id='block_1_4' title="bbox 128 2153 2012 4760">
    <p class='ocr_par' dir='ltr' id='par_1_5' title="bbox 131 2153 1903 2942">
     <span class='ocr_line' id='line_1_13' title="bbox 287 2153 1901 2242; baseline 0.006 -26"><span class='ocrx_word' id='word_1_152' title='bbox 287 2159 320 2216; x_wconf 82' lang='lat' dir='ltr'><strong>oo</strong></span> <span class='ocrx_word' id='word_1_153' title='bbox 343 2169 372 2226; x_wconf 68' lang='lat' dir='ltr'><strong>eo</strong></span> <span class='ocrx_word' id='word_1_154' title='bbox 405 2173 459 2205; x_wconf 86' lang='lat'><strong><em>=·-·</em></strong></span> <span class='ocrx_word' id='word_1_155' title='bbox 490 2158 554 2234; x_wconf 76' lang='lat' dir='ltr'><strong>uti.</strong></span> <span class='ocrx_word' id='word_1_156' title='bbox 597 2153 654 2222; x_wconf 83' lang='lat' dir='ltr'><strong>Ex</strong></span> <span class='ocrx_word' id='word_1_157' title='bbox 667 2153 797 2223; x_wconf 89' lang='lat' dir='ltr'><strong>circello</strong></span> <span class='ocrx_word' id='word_1_158' title='bbox 819 2156 905 2223; x_wconf 90' lang='lat' dir='ltr'><strong>enim</strong></span> <span class='ocrx_word' id='word_1_159' title='bbox 925 2156 958 2222; x_wconf 93' lang='lat' dir='ltr'><strong>in</strong></span> <span class='ocrx_word' id='word_1_160' title='bbox 984 2160 1018 2217; x_wconf 70' lang='lat' dir='ltr'><strong>ab</strong></span> <span class='ocrx_word' id='word_1_161' title='bbox 1044 2155 1263 2242; x_wconf 81' lang='lat' dir='ltr'><strong>cognoscitur,</strong></span> <span class='ocrx_word' id='word_1_162' title='bbox 1283 2155 1369 2224; x_wconf 92' lang='lat' dir='ltr'><strong>hauc</strong></span> <span class='ocrx_word' id='word_1_163' title='bbox 1388 2157 1515 2224; x_wconf 79' lang='lat' dir='ltr'><strong>literam</strong></span> <span class='ocrx_word' id='word_1_164' title='bbox 1536 2175 1615 2224; x_wconf 85' lang='lat' dir='ltr'><strong>csse</strong></span> <span class='ocrx_word' id='word_1_165' title='bbox 1636 2155 1836 2224; x_wconf 88' lang='lat' dir='ltr'><strong>diacriticam</strong></span> <span class='ocrx_word' id='word_1_166' title='bbox 1860 2171 1901 2216; x_wconf 69' lang='lat' dir='ltr'><strong>a.</strong></span> 
     </span>
     <span class='ocr_line' id='line_1_14' title="bbox 132 2270 1902 2361; baseline 0.001 -22"><span class='ocrx_word' id='word_1_167' title='bbox 132 2270 261 2341; x_wconf 74' lang='lat' dir='ltr'><strong>Eodem</strong></span> <span class='ocrx_word' id='word_1_168' title='bbox 290 2270 371 2337; x_wconf 84' lang='lat' dir='ltr'><strong>iacit</strong></span> <span class='ocrx_word' id='word_1_169' title='bbox 402 2278 553 2358; x_wconf 85' lang='lat' dir='ltr'><strong>puuctum</strong></span> <span class='ocrx_word' id='word_1_170' title='bbox 578 2271 613 2339; x_wconf 91' lang='lat' dir='ltr'><strong>iu</strong></span> <span class='ocrx_word' id='word_1_171' title='bbox 631 2288 660 2342; x_wconf 70' lang='lat' dir='ltr'><strong>a</strong></span> <span class='ocrx_word' id='word_1_172' title='bbox 682 2271 850 2340; x_wconf 86' lang='lat' dir='ltr'><strong>Pehluico.</strong></span> <span class='ocrx_word' id='word_1_173' title='bbox 891 2273 961 2340; x_wconf 90' lang='lat' dir='ltr'><strong>lam</strong></span> <span class='ocrx_word' id='word_1_174' title='bbox 982 2291 1081 2358; x_wconf 86' lang='lat' dir='ltr'><strong>supra</strong></span> <span class='ocrx_word' id='word_1_175' title='bbox 1100 2272 1252 2360; x_wconf 87' lang='lat' dir='ltr'><strong>vidimus,</strong></span> <span class='ocrx_word' id='word_1_176' title='bbox 1273 2272 1431 2341; x_wconf 88' lang='lat' dir='ltr'><strong>Pchluice</strong></span> <span class='ocrx_word' id='word_1_177' title='bbox 1452 2273 1575 2361; x_wconf 85' lang='lat' dir='ltr'><strong>passim</strong></span> <span class='ocrx_word' id='word_1_178' title='bbox 1594 2271 1795 2359; x_wconf 82' lang='lat' dir='ltr'><strong>prooircello</strong></span> <span class='ocrx_word' id='word_1_179' title='bbox 1815 2291 1902 2359; x_wconf 89' lang='lat' dir='ltr'><strong>puu-</strong></span> 
     </span>
     <span class='ocr_line' id='line_1_15' title="bbox 132 2385 1902 2477; baseline -0.001 -19"><span class='ocrx_word' id='word_1_180' title='bbox 132 2395 221 2458; x_wconf 89' lang='lat' dir='ltr'><strong>ctum</strong></span> <span class='ocrx_word' id='word_1_181' title='bbox 242 2385 389 2457; x_wconf 78' lang='lat' dir='ltr'><strong>adhiberi</strong></span> <span class='ocrx_word' id='word_1_182' title='bbox 409 2386 452 2456; x_wconf 90' lang='lat' dir='ltr'><strong>ad</strong></span> <span class='ocrx_word' id='word_1_183' title='bbox 473 2387 724 2474; x_wconf 77' lang='lat' dir='ltr'><strong>distinguendas</strong></span> <span class='ocrx_word' id='word_1_184' title='bbox 744 2387 860 2456; x_wconf 86' lang='lat' dir='ltr'><strong>literas</strong></span> <span class='ocrx_word' id='word_1_185' title='bbox 880 2388 953 2475; x_wconf 84' lang='lat' dir='ltr'><strong>pari</strong></span> <span class='ocrx_word' id='word_1_186' title='bbox 973 2388 1101 2455; x_wconf 86' lang='lat' dir='ltr'><strong>ratione</strong></span> <span class='ocrx_word' id='word_1_187' title='bbox 1122 2389 1264 2474; x_wconf 86' lang='lat' dir='ltr'><strong>scriptas</strong></span> <span class='ocrx_word' id='word_1_188' title='bbox 1279 2389 1492 2475; x_wconf 81' lang='lat' dir='ltr'><strong>pronunciatu</strong></span> <span class='ocrx_word' id='word_1_189' title='bbox 1505 2388 1611 2476; x_wconf 85' lang='lat' dir='ltr'><strong>paullo</strong></span> <span class='ocrx_word' id='word_1_190' title='bbox 1625 2387 1788 2477; x_wconf 83' lang='lat' dir='ltr'><strong>diuersas,</strong></span> <span class='ocrx_word' id='word_1_191' title='bbox 1801 2389 1851 2456; x_wconf 90' lang='lat' dir='ltr'><strong>vti</strong></span> <span class='ocrx_word' id='word_1_192' title='bbox 1867 2388 1902 2456; x_wconf 89' lang='lat' dir='ltr'><strong>in</strong></span> 
     </span>
     <span class='ocr_line' id='line_1_16' title="bbox 132 2483 1903 2614; baseline 0.005 -51"><span class='ocrx_word' id='word_1_193' title='bbox 132 2521 151 2563; x_wconf 73' lang='lat' dir='ltr'><strong>a</strong></span> <span class='ocrx_word' id='word_1_194' title='bbox 191 2505 226 2569; x_wconf 88' lang='lat' dir='ltr'><strong>et</strong></span> <span class='ocrx_word' id='word_1_195' title='bbox 263 2515 291 2582; x_wconf 53' lang='grc' dir='ltr'><strong>ᾗ.</strong></span> <span class='ocrx_word' id='word_1_196' title='bbox 333 2503 514 2572; x_wconf 82' lang='lat' dir='ltr'><strong>zendioum</strong></span> <span class='ocrx_word' id='word_1_197' title='bbox 540 2511 574 2568; x_wconf 79' lang='lat' dir='ltr'><strong>oo</strong></span> <span class='ocrx_word' id='word_1_198' title='bbox 603 2504 761 2592; x_wconf 81' lang='lat' dir='ltr'><strong>Anquetil</strong></span> <span class='ocrx_word' id='word_1_199' title='bbox 778 2506 858 2590; x_wconf 69' lang='lat' dir='ltr'><strong>[cuna</strong></span> <span class='ocrx_word' id='word_1_200' title='bbox 886 2483 907 2614; x_wconf 60' lang='grc'><em>3</em></span> <span class='ocrx_word' id='word_1_201' title='bbox 933 2523 987 2557; x_wconf 81' lang='lat'>=</span> <span class='ocrx_word' id='word_1_202' title='bbox 1011 2511 1231 2594; x_wconf 64' lang='lat' dir='ltr'><strong>Jcomparat</strong></span> <span class='ocrx_word' id='word_1_203' title='bbox 1244 2501 1391 2572; x_wconf 78' lang='lat' dir='ltr'><strong>Chardiu</strong></span> <span class='ocrx_word' id='word_1_204' title='bbox 1412 2522 1484 2571; x_wconf 91' lang='lat' dir='ltr'><strong>cum</strong></span> <span class='ocrx_word' id='word_1_205' title='bbox 1506 2512 1545 2569; x_wconf 70' lang='lat' dir='ltr'><strong>aaa</strong></span> <span class='ocrx_word' id='word_1_206' title='bbox 1567 2522 1611 2591; x_wconf 72' lang='lat' dir='ltr'><strong>cu</strong></span> <span class='ocrx_word' id='word_1_207' title='bbox 1638 2508 1674 2570; x_wconf 84' lang='lat' dir='ltr'><strong>et</strong></span> <span class='ocrx_word' id='word_1_208' title='bbox 1699 2505 1784 2590; x_wconf 77' lang='lat' dir='ltr'><strong>dau,</strong></span> <span class='ocrx_word' id='word_1_209' title='bbox 1805 2503 1903 2572; x_wconf 75' lang='lat' dir='ltr'><strong>ltasla</strong></span> 
     </span>
     <span class='ocr_line' id='line_1_17' title="bbox 131 2617 1900 2710; baseline -0.003 -17"><span class='ocrx_word' id='word_1_210' title='bbox 131 2643 208 2693; x_wconf 87' lang='lat' dir='ltr'><strong>cum</strong></span> <span class='ocrx_word' id='word_1_211' title='bbox 227 2621 250 2689; x_wconf 83' lang='lat' dir='ltr'><strong>a&#39;</strong></span> <span class='ocrx_word' id='word_1_212' title='bbox 270 2622 325 2690; x_wconf 85' lang='lat' dir='ltr'><strong>vel</strong></span> <span class='ocrx_word' id='word_1_213' title='bbox 345 2621 401 2709; x_wconf 77' lang='lat' dir='ltr'><strong>ah,</strong></span> <span class='ocrx_word' id='word_1_214' title='bbox 421 2621 516 2710; x_wconf 81' lang='lat' dir='ltr'><strong>llopp</strong></span> <span class='ocrx_word' id='word_1_215' title='bbox 538 2641 610 2689; x_wconf 91' lang='lat' dir='ltr'><strong>cum</strong></span> <span class='ocrx_word' id='word_1_216' title='bbox 623 2621 645 2708; x_wconf 77' lang='lat' dir='ltr'><strong><em>j</em></strong></span> <span class='ocrx_word' id='word_1_217' title='bbox 665 2621 923 2708; x_wconf 79' lang='lat' dir='ltr'><strong>Francogallioo.</strong></span> <span class='ocrx_word' id='word_1_218' title='bbox 967 2619 1121 2690; x_wconf 80' lang='lat' dir='ltr'><strong>ceterum</strong></span> <span class='ocrx_word' id='word_1_219' title='bbox 1133 2622 1168 2688; x_wconf 86' lang='lat' dir='ltr'>N</span> <span class='ocrx_word' id='word_1_220' title='bbox 1169 2617 1313 2689; x_wconf 87' lang='lat' dir='ltr'><strong>iehhhriu</strong></span> <span class='ocrx_word' id='word_1_221' title='bbox 1334 2621 1432 2688; x_wconf 82' lang='lat' dir='ltr'><strong>Pausi</strong></span> <span class='ocrx_word' id='word_1_222' title='bbox 1461 2623 1495 2683; x_wconf 81' lang='lat' dir='ltr'><strong>to</strong></span> <span class='ocrx_word' id='word_1_223' title='bbox 1521 2626 1681 2690; x_wconf 85' lang='lat' dir='ltr'><strong>vocarunt</strong></span> <span class='ocrx_word' id='word_1_224' title='bbox 1693 2621 1739 2706; x_wconf 82' lang='lat' dir='ltr'><strong>jo</strong></span> <span class='ocrx_word' id='word_1_225' title='bbox 1758 2627 1900 2709; x_wconf 51' lang='lat' dir='ltr'><strong>atque*</strong></span> 
     </span>
     <span class='ocr_line' id='line_1_18' title="bbox 131 2737 1902 2831; baseline -0.001 -21"><span class='ocrx_word' id='word_1_226' title='bbox 131 2741 263 2823; x_wconf 63' lang='lat' dir='ltr'><strong>moder</strong></span> <span class='ocrx_word' id='word_1_227' title='bbox 285 2739 465 2824; x_wconf 84' lang='lat' dir='ltr'><strong>exquibus</strong></span> <span class='ocrx_word' id='word_1_228' title='bbox 495 2740 611 2829; x_wconf 88' lang='lat' dir='ltr'><strong>claret,</strong></span> <span class='ocrx_word' id='word_1_229' title='bbox 638 2741 673 2802; x_wconf 76' lang='lat' dir='ltr'><strong>do</strong></span> <span class='ocrx_word' id='word_1_230' title='bbox 697 2737 732 2802; x_wconf 87' lang='lat' dir='ltr'><strong>et</strong></span> <span class='ocrx_word' id='word_1_231' title='bbox 748 2754 777 2810; x_wconf 72' lang='lat' dir='ltr'><strong>ee</strong></span> <span class='ocrx_word' id='word_1_232' title='bbox 799 2739 936 2809; x_wconf 86' lang='lat' dir='ltr'><strong>Persico</strong></span> <span class='ocrx_word' id='word_1_233' title='bbox 960 2745 1020 2829; x_wconf 66' lang='lat'><strong>0⁶&gt;</strong></span> <span class='ocrx_word' id='word_1_234' title='bbox 1041 2737 1127 2826; x_wconf 82' lang='lat' dir='ltr'><strong>quud</strong></span> <span class='ocrx_word' id='word_1_235' title='bbox 1153 2738 1318 2810; x_wconf 88' lang='lat' dir='ltr'><strong>llehraioe</strong></span> <span class='ocrx_word' id='word_1_236' title='bbox 1338 2745 1396 2831; x_wconf 58' lang='lat' dir='ltr'><strong>iit,</strong></span> <span class='ocrx_word' id='word_1_237' title='bbox 1417 2737 1506 2807; x_wconf 72' lang='lat' dir='ltr'><strong>aude</strong></span> <span class='ocrx_word' id='word_1_238' title='bbox 1531 2737 1902 2827; x_wconf 77' lang='lat' dir='ltr'><strong>appellatur,·verere·</strong></span> 
     </span>
     <span class='ocr_line' id='line_1_19' title="bbox 132 2853 377 2942; baseline 0 -20"><span class='ocrx_word' id='word_1_239' title='bbox 132 2853 310 2942; x_wconf 83' lang='lat' dir='ltr'><strong>spondere.</strong></span> <span class='ocrx_word' id='word_1_240' title='bbox 373 2899 377 2908; x_wconf 87' lang='lat'>·</span> 
     </span>
    </p>

    <p class='ocr_par' dir='ltr' id='par_1_6' title="bbox 128 2987 1904 4359">
     <span class='ocr_line' id='line_1_20' title="bbox 286 2987 1903 3104; baseline 0 -48"><span class='ocrx_word' id='word_1_241' title='bbox 286 3003 303 3084; x_wconf 73' lang='grc' dir='ltr'><strong>ξ</strong></span> <span class='ocrx_word' id='word_1_242' title='bbox 327 3002 347 3073; x_wconf 74' lang='grc' dir='ltr'><em>ε</em></span> <span class='ocrx_word' id='word_1_243' title='bbox 371 3001 389 3078; x_wconf 61' lang='lat' dir='ltr'><strong>a</strong></span> <span class='ocrx_word' id='word_1_244' title='bbox 411 3005 467 3094; x_wconf 54' lang='grc' dir='ltr'><strong>τῆ</strong></span> <span class='ocrx_word' id='word_1_245' title='bbox 489 3012 517 3094; x_wconf 66' lang='grc' dir='ltr'><em>ε</em></span> <span class='ocrx_word' id='word_1_246' title='bbox 540 3023 574 3104; x_wconf 62' lang='grc' dir='ltr'><strong>ε.</strong></span> <span class='ocrx_word' id='word_1_247' title='bbox 618 2987 760 3059; x_wconf 86' lang='lat' dir='ltr'><strong>Primum</strong></span> <span class='ocrx_word' id='word_1_248' title='bbox 780 3003 801 3075; x_wconf 77' lang='grc' dir='ltr'><em>ε</em></span> <span class='ocrx_word' id='word_1_249' title='bbox 826 2987 861 3052; x_wconf 83' lang='lat' dir='ltr'><strong>et</strong></span> <span class='ocrx_word' id='word_1_250' title='bbox 884 3005 914 3084; x_wconf 75' lang='grc' dir='ltr'><strong>ξ,</strong></span> <span class='ocrx_word' id='word_1_251' title='bbox 936 3007 1033 3077; x_wconf 80' lang='lat' dir='ltr'><strong>quum</strong></span> <span class='ocrx_word' id='word_1_252' title='bbox 1054 3009 1075 3058; x_wconf 91' lang='lat' dir='ltr'><strong>a</strong></span> <span class='ocrx_word' id='word_1_253' title='bbox 1094 2990 1315 3076; x_wconf 78' lang='lat' dir='ltr'><strong>grammaticis</strong></span> <span class='ocrx_word' id='word_1_254' title='bbox 1335 2989 1497 3060; x_wconf 90' lang='lat' dir='ltr'><strong>simillima</strong></span> <span class='ocrx_word' id='word_1_255' title='bbox 1509 2990 1637 3059; x_wconf 89' lang='lat' dir='ltr'><strong>ratione</strong></span> <span class='ocrx_word' id='word_1_256' title='bbox 1651 2989 1903 3076; x_wconf 82' lang='lat' dir='ltr'><strong>pronunciantur</strong></span> 
     </span>
     <span class='ocr_line' id='line_1_21' title="bbox 133 3103 1903 3194; baseline -0.003 -19"><span class='ocrx_word' id='word_1_257' title='bbox 133 3110 236 3194; x_wconf 82' lang='lat' dir='ltr'><strong>atque</strong></span> <span class='ocrx_word' id='word_1_258' title='bbox 255 3104 289 3172; x_wconf 91' lang='lat' dir='ltr'><strong>io</strong></span> <span class='ocrx_word' id='word_1_259' title='bbox 310 3105 495 3193; x_wconf 80' lang='lat' dir='ltr'><strong>alphabetis</strong></span> <span class='ocrx_word' id='word_1_260' title='bbox 516 3105 664 3172; x_wconf 87' lang='lat' dir='ltr'><strong>Parsiois</strong></span> <span class='ocrx_word' id='word_1_261' title='bbox 685 3104 998 3191; x_wconf 86' lang='lat' dir='ltr'><strong>apud-Niebuhrium</strong></span> <span class='ocrx_word' id='word_1_262' title='bbox 1019 3111 1053 3174; x_wconf 92' lang='lat' dir='ltr'><strong>et</strong></span> <span class='ocrx_word' id='word_1_263' title='bbox 1075 3106 1221 3174; x_wconf 84' lang='lat' dir='ltr'><strong>Chardiu</strong></span> <span class='ocrx_word' id='word_1_264' title='bbox 1241 3127 1307 3176; x_wconf 90' lang='lat' dir='ltr'><strong>vno</strong></span> <span class='ocrx_word' id='word_1_265' title='bbox 1328 3109 1562 3193; x_wconf 75' lang='lat' dir='ltr'><strong>tautumsigno</strong></span> <span class='ocrx_word' id='word_1_266' title='bbox 1580 3103 1903 3194; x_wconf 81' lang='lat' dir='ltr'><strong>comprehendantur,</strong></span> 
     </span>
     <span class='ocr_line' id='line_1_22' title="bbox 132 3219 1904 3317; baseline -0.003 -25"><span class='ocrx_word' id='word_1_267' title='bbox 132 3241 201 3292; x_wconf 90' lang='lat' dir='ltr'><strong>uun</strong></span> <span class='ocrx_word' id='word_1_268' title='bbox 231 3227 369 3310; x_wconf 81' lang='lat' dir='ltr'><strong>possunt</strong></span> <span class='ocrx_word' id='word_1_269' title='bbox 396 3241 462 3292; x_wconf 89' lang='lat' dir='ltr'><strong>uua</strong></span> <span class='ocrx_word' id='word_1_270' title='bbox 488 3242 547 3310; x_wconf 88' lang='lat' dir='ltr'><strong>pro</strong></span> <span class='ocrx_word' id='word_1_271' title='bbox 567 3239 659 3290; x_wconf 89' lang='lat' dir='ltr'><strong>mera</strong></span> <span class='ocrx_word' id='word_1_272' title='bbox 686 3223 849 3290; x_wconf 88' lang='lat' dir='ltr'><strong>varietate</strong></span> <span class='ocrx_word' id='word_1_273' title='bbox 869 3220 984 3308; x_wconf 83' lang='lat' dir='ltr'><strong>accipi.</strong></span> <span class='ocrx_word' id='word_1_274' title='bbox 1060 3219 1169 3289; x_wconf 85' lang='lat' dir='ltr'><strong>Sonat</strong></span> <span class='ocrx_word' id='word_1_275' title='bbox 1190 3229 1297 3290; x_wconf 88' lang='lat' dir='ltr'><strong>autem</strong></span> <span class='ocrx_word' id='word_1_276' title='bbox 1319 3239 1337 3317; x_wconf 71' lang='grc' dir='ltr'>ξ</span> <span class='ocrx_word' id='word_1_277' title='bbox 1363 3221 1450 3306; x_wconf 85' lang='lat' dir='ltr'><strong>apud</strong></span> <span class='ocrx_word' id='word_1_278' title='bbox 1476 3221 1707 3308; x_wconf 82' lang='lat' dir='ltr'><strong>Niebuhrium,</strong></span> <span class='ocrx_word' id='word_1_279' title='bbox 1734 3221 1904 3310; x_wconf 85' lang='lat' dir='ltr'><strong>Anquetil,</strong></span> 
     </span>
     <span class='ocr_line' id='line_1_23' title="bbox 131 3335 1901 3431; baseline -0.002 -23"><span class='ocrx_word' id='word_1_280' title='bbox 131 3339 290 3431; x_wconf 88' lang='lat' dir='ltr'><strong>Buruoui,</strong></span> <span class='ocrx_word' id='word_1_281' title='bbox 311 3342 407 3430; x_wconf 82' lang='lat' dir='ltr'><strong>llopp</strong></span> <span class='ocrx_word' id='word_1_282' title='bbox 427 3359 448 3408; x_wconf 85' lang='lat' dir='ltr'><strong>c</strong></span> <span class='ocrx_word' id='word_1_283' title='bbox 466 3341 524 3410; x_wconf 87' lang='lat' dir='ltr'><strong>vel</strong></span> <span class='ocrx_word' id='word_1_284' title='bbox 545 3335 576 3426; x_wconf 75' lang='grc' dir='ltr'><strong>ὅ,</strong></span> <span class='ocrx_word' id='word_1_285' title='bbox 596 3337 772 3407; x_wconf 89' lang='lat' dir='ltr'><strong>secuudum</strong></span> <span class='ocrx_word' id='word_1_286' title='bbox 792 3336 888 3404; x_wconf 83' lang='lat' dir='ltr'><strong>ltusk</strong></span> <span class='ocrx_word' id='word_1_287' title='bbox 907 3355 962 3424; x_wconf 84' lang='lat' dir='ltr'><strong>oe,</strong></span> <span class='ocrx_word' id='word_1_288' title='bbox 981 3342 1081 3425; x_wconf 84' lang='lat' dir='ltr'><strong>atque</strong></span> <span class='ocrx_word' id='word_1_289' title='bbox 1102 3336 1279 3405; x_wconf 88' lang='lat' dir='ltr'><strong>secundum</strong></span> <span class='ocrx_word' id='word_1_290' title='bbox 1299 3337 1456 3426; x_wconf 82' lang='lat' dir='ltr'><strong>Anquetll</strong></span> <span class='ocrx_word' id='word_1_291' title='bbox 1477 3337 1624 3426; x_wconf 83' lang='lat' dir='ltr'><strong>aliosque</strong></span> <span class='ocrx_word' id='word_1_292' title='bbox 1644 3336 1678 3404; x_wconf 93' lang='lat' dir='ltr'><strong>iu</strong></span> <span class='ocrx_word' id='word_1_293' title='bbox 1698 3349 1754 3420; x_wconf 65' lang='lat' dir='ltr'><strong>fao</strong></span> <span class='ocrx_word' id='word_1_294' title='bbox 1790 3335 1840 3403; x_wconf 83' lang='lat' dir='ltr'><strong>vti</strong></span> <span class='ocrx_word' id='word_1_295' title='bbox 1867 3353 1901 3425; x_wconf 92' lang='lat' dir='ltr'><strong>o,</strong></span> 
     </span>
     <span class='ocr_line' id='line_1_24' title="bbox 130 3451 1902 3556; baseline -0.001 -32"><span class='ocrx_word' id='word_1_296' title='bbox 130 3456 311 3526; x_wconf 90' lang='lat' dir='ltr'><strong>secuudum</strong></span> <span class='ocrx_word' id='word_1_297' title='bbox 333 3455 476 3527; x_wconf 79' lang='lat' dir='ltr'><strong>Chardin</strong></span> <span class='ocrx_word' id='word_1_298' title='bbox 498 3475 580 3526; x_wconf 88' lang='lat' dir='ltr'><strong>vero</strong></span> <span class='ocrx_word' id='word_1_299' title='bbox 601 3455 667 3524; x_wconf 87' lang='lat' dir='ltr'><strong>och</strong></span> <span class='ocrx_word' id='word_1_300' title='bbox 694 3461 793 3542; x_wconf 84' lang='lat' dir='ltr'><strong>atque</strong></span> <span class='ocrx_word' id='word_1_301' title='bbox 820 3454 872 3522; x_wconf 91' lang='lat' dir='ltr'><strong>vti</strong></span> <span class='ocrx_word' id='word_1_302' title='bbox 892 3477 920 3556; x_wconf 66' lang='lat' dir='ltr'><strong>g</strong></span> <span class='ocrx_word' id='word_1_303' title='bbox 941 3453 1178 3539; x_wconf 85' lang='lat' dir='ltr'><strong>Neopersicum</strong></span> <span class='ocrx_word' id='word_1_304' title='bbox 1198 3453 1270 3520; x_wconf 84' lang='lat' dir='ltr'><strong>sius</strong></span> <span class='ocrx_word' id='word_1_305' title='bbox 1291 3473 1324 3520; x_wconf 77' lang='grc' dir='ltr'><strong>α.</strong></span> <span class='ocrx_word' id='word_1_306' title='bbox 1366 3453 1454 3522; x_wconf 83' lang='lat' dir='ltr'><strong>llira</strong></span> <span class='ocrx_word' id='word_1_307' title='bbox 1473 3471 1556 3522; x_wconf 91' lang='lat' dir='ltr'><strong>saue</strong></span> <span class='ocrx_word' id='word_1_308' title='bbox 1572 3451 1804 3540; x_wconf 71' lang='lat' dir='ltr'><strong>discrepantia,</strong></span> <span class='ocrx_word' id='word_1_309' title='bbox 1817 3470 1902 3540; x_wconf 91' lang='lat' dir='ltr'><strong>quae</strong></span> 
     </span>
     <span class='ocr_line' id='line_1_25' title="bbox 131 3564 1901 3671; baseline -0.004 -29"><span class='ocrx_word' id='word_1_310' title='bbox 131 3579 244 3642; x_wconf 90' lang='lat' dir='ltr'><strong>tumen</strong></span> <span class='ocrx_word' id='word_1_311' title='bbox 263 3573 360 3642; x_wconf 85' lang='lat' dir='ltr'><strong>iacile</strong></span> <span class='ocrx_word' id='word_1_312' title='bbox 381 3575 564 3661; x_wconf 79' lang='lat' dir='ltr'><strong>explicatur</strong></span> <span class='ocrx_word' id='word_1_313' title='bbox 584 3592 636 3654; x_wconf 85' lang='lat' dir='ltr'><strong>eu,</strong></span> <span class='ocrx_word' id='word_1_314' title='bbox 657 3570 742 3660; x_wconf 88' lang='lat' dir='ltr'><strong>quod</strong></span> <span class='ocrx_word' id='word_1_315' title='bbox 767 3587 787 3656; x_wconf 75' lang='grc' dir='ltr'><em>ε</em></span> <span class='ocrx_word' id='word_1_316' title='bbox 813 3569 848 3631; x_wconf 82' lang='lat' dir='ltr'><strong>et</strong></span> <span class='ocrx_word' id='word_1_317' title='bbox 871 3585 889 3664; x_wconf 72' lang='grc' dir='ltr'>ξ</span> <span class='ocrx_word' id='word_1_318' title='bbox 917 3568 1058 3634; x_wconf 82' lang='lat' dir='ltr'><strong>Arabico</strong></span> <span class='ocrx_word' id='word_1_319' title='bbox 1089 3585 1194 3671; x_wconf 60' lang='lat' dir='ltr'><strong>g=</strong></span> <span class='ocrx_word' id='word_1_320' title='bbox 1217 3575 1237 3641; x_wconf 80' lang='lat' dir='ltr'><strong>tl</strong></span> <span class='ocrx_word' id='word_1_321' title='bbox 1258 3569 1508 3654; x_wconf 84' lang='lat' dir='ltr'><strong>responderunt.</strong></span> <span class='ocrx_word' id='word_1_322' title='bbox 1531 3564 1803 3650; x_wconf 75' lang='lat' dir='ltr'><strong>Quemadmodum</strong></span> <span class='ocrx_word' id='word_1_323' title='bbox 1816 3569 1901 3635; x_wconf 87' lang='lat' dir='ltr'><strong>euim</strong></span> 
     </span>
     <span class='ocr_line' id='line_1_26' title="bbox 131 3680 1903 3797; baseline -0.005 -37"><span class='ocrx_word' id='word_1_324' title='bbox 131 3717 160 3797; x_wconf 66' lang='grc' dir='ltr'><em>ε</em></span> <span class='ocrx_word' id='word_1_325' title='bbox 182 3690 270 3778; x_wconf 82' lang='lat' dir='ltr'><strong>apud</strong></span> <span class='ocrx_word' id='word_1_326' title='bbox 291 3688 440 3760; x_wconf 82' lang='lat' dir='ltr'><strong>Graecos</strong></span> <span class='ocrx_word' id='word_1_327' title='bbox 461 3691 495 3758; x_wconf 92' lang='lat' dir='ltr'><strong>in</strong></span> <span class='ocrx_word' id='word_1_328' title='bbox 516 3707 550 3777; x_wconf 92' lang='lat' dir='ltr'><strong>o,</strong></span> <span class='ocrx_word' id='word_1_329' title='bbox 571 3688 657 3776; x_wconf 82' lang='lat' dir='ltr'><strong>apud</strong></span> <span class='ocrx_word' id='word_1_330' title='bbox 678 3689 871 3773; x_wconf 85' lang='lat' dir='ltr'><strong>Neopersas</strong></span> <span class='ocrx_word' id='word_1_331' title='bbox 891 3682 925 3748; x_wconf 93' lang='lat' dir='ltr'><strong>in</strong></span> <span class='ocrx_word' id='word_1_332' title='bbox 945 3701 970 3748; x_wconf 87' lang='lat' dir='ltr'><strong>u</strong></span> <span class='ocrx_word' id='word_1_333' title='bbox 998 3683 1078 3750; x_wconf 85' lang='lat' dir='ltr'><strong>alriit</strong></span> <span class='ocrx_word' id='word_1_334' title='bbox 1106 3689 1205 3770; x_wconf 84' lang='lat' dir='ltr'><strong>atque</strong></span> <span class='ocrx_word' id='word_1_335' title='bbox 1231 3701 1254 3751; x_wconf 91' lang='lat' dir='ltr'><strong>a</strong></span> <span class='ocrx_word' id='word_1_336' title='bbox 1281 3681 1421 3752; x_wconf 81' lang='lat' dir='ltr'><strong>Graecis</strong></span> <span class='ocrx_word' id='word_1_337' title='bbox 1449 3680 1537 3750; x_wconf 92' lang='lat' dir='ltr'><strong>haud</strong></span> <span class='ocrx_word' id='word_1_338' title='bbox 1564 3702 1639 3750; x_wconf 88' lang='lat' dir='ltr'><strong>raro</strong></span> <span class='ocrx_word' id='word_1_339' title='bbox 1666 3682 1775 3767; x_wconf 79' lang='lat' dir='ltr'><strong>instar</strong></span> <span class='ocrx_word' id='word_1_340' title='bbox 1800 3703 1903 3768; x_wconf 81' lang='lat' dir='ltr'><strong>rso-</strong></span> 
     </span>
     <span class='ocr_line' id='line_1_27' title="bbox 128 3799 1904 3898; baseline -0.006 -20"><span class='ocrx_word' id='word_1_341' title='bbox 128 3803 266 3897; x_wconf 77' lang='lat' dir='ltr'><strong>nuit²];</strong></span> <span class='ocrx_word' id='word_1_342' title='bbox 294 3807 342 3874; x_wconf 87' lang='lat' dir='ltr'><strong>ita</strong></span> <span class='ocrx_word' id='word_1_343' title='bbox 361 3821 463 3898; x_wconf 52' lang='grc' dir='ltr'><strong>ετξ</strong></span> <span class='ocrx_word' id='word_1_344' title='bbox 475 3813 549 3880; x_wconf 75' lang='lat' dir='ltr'><strong>:t</strong></span> <span class='ocrx_word' id='word_1_345' title='bbox 565 3823 689 3894; x_wconf 85' lang='lat' dir='ltr'><strong>quoque</strong></span> <span class='ocrx_word' id='word_1_346' title='bbox 710 3821 796 3871; x_wconf 93' lang='lat' dir='ltr'><strong>nuuc</strong></span> <span class='ocrx_word' id='word_1_347' title='bbox 816 3799 943 3870; x_wconf 87' lang='lat' dir='ltr'><strong>voculis</strong></span> <span class='ocrx_word' id='word_1_348' title='bbox 964 3817 997 3888; x_wconf 89' lang='lat' dir='ltr'><strong>o,</strong></span> <span class='ocrx_word' id='word_1_349' title='bbox 1018 3819 1054 3887; x_wconf 89' lang='lat' dir='ltr'><strong>u,</strong></span> <span class='ocrx_word' id='word_1_350' title='bbox 1076 3816 1160 3867; x_wconf 95' lang='lat' dir='ltr'><strong>nunc</strong></span> <span class='ocrx_word' id='word_1_351' title='bbox 1181 3816 1346 3868; x_wconf 88' lang='lat' dir='ltr'><strong>consonae</strong></span> <span class='ocrx_word' id='word_1_352' title='bbox 1364 3799 1539 3886; x_wconf 79' lang='lat' dir='ltr'><strong>gutturalis</strong></span> <span class='ocrx_word' id='word_1_353' title='bbox 1557 3799 1604 3886; x_wconf 72' lang='lat' dir='ltr'><strong>yla</strong></span> <span class='ocrx_word' id='word_1_354' title='bbox 1625 3817 1740 3868; x_wconf 88' lang='lat' dir='ltr'><strong>suuuru</strong></span> <span class='ocrx_word' id='word_1_355' title='bbox 1761 3818 1904 3887; x_wconf 82' lang='lat' dir='ltr'><strong>expres-</strong></span> 
     </span>
     <span class='ocr_line' id='line_1_28' title="bbox 129 3911 1901 4029; baseline -0.008 -35"><span class='ocrx_word' id='word_1_356' title='bbox 129 3925 189 3994; x_wconf 85' lang='lat' dir='ltr'><strong>sit</strong></span> <span class='ocrx_word' id='word_1_357' title='bbox 252 3918 381 3989; x_wconf 81' lang='lat' dir='ltr'><strong>Samnio</strong></span> <span class='ocrx_word' id='word_1_358' title='bbox 408 3938 658 4006; x_wconf 67' lang='lat' dir='ltr'><strong>memorasse-f</strong></span> <span class='ocrx_word' id='word_1_359' title='bbox 682 3911 740 3981; x_wconf 90' lang='lat' dir='ltr'><strong>vel</strong></span> <span class='ocrx_word' id='word_1_360' title='bbox 764 3933 782 4012; x_wconf 69' lang='grc' dir='ltr'>ξ</span> <span class='ocrx_word' id='word_1_361' title='bbox 809 3915 944 3984; x_wconf 88' lang='lat' dir='ltr'><strong>easdem</strong></span> <span class='ocrx_word' id='word_1_362' title='bbox 970 3915 1086 3982; x_wconf 89' lang='lat' dir='ltr'><strong>literas</strong></span> <span class='ocrx_word' id='word_1_363' title='bbox 1113 3932 1192 3982; x_wconf 90' lang='lat' dir='ltr'><strong>esse</strong></span> <span class='ocrx_word' id='word_1_364' title='bbox 1219 3920 1319 4001; x_wconf 84' lang='lat' dir='ltr'><strong>atque</strong></span> <span class='ocrx_word' id='word_1_365' title='bbox 1339 3940 1367 4018; x_wconf 64' lang='grc' dir='ltr'>ε</span> <span class='ocrx_word' id='word_1_366' title='bbox 1387 3913 1421 3974; x_wconf 91' lang='lat' dir='ltr'><strong>et</strong></span> <span class='ocrx_word' id='word_1_367' title='bbox 1449 3951 1469 4029; x_wconf 65' lang='grc' dir='ltr'>ε</span> <span class='ocrx_word' id='word_1_368' title='bbox 1494 3913 1645 3983; x_wconf 76' lang='lat' dir='ltr'><strong>caucum</strong></span> <span class='ocrx_word' id='word_1_369' title='bbox 1689 3913 1783 3989; x_wconf 78' lang='lat' dir='ltr'><strong>Quod</strong></span> <span class='ocrx_word' id='word_1_370' title='bbox 1795 3916 1901 3983; x_wconf 82' lang='lat' dir='ltr'><strong>Pell·</strong></span> 
     </span>
     <span class='ocr_line' id='line_1_29' title="bbox 129 4005 1901 4140; baseline -0.005 -33"><span class='ocrx_word' id='word_1_371' title='bbox 129 4041 241 4111; x_wconf 87' lang='lat' dir='ltr'><strong>vicum</strong></span> <span class='ocrx_word' id='word_1_372' title='bbox 262 4053 280 4126; x_wconf 65' lang='lat' dir='ltr'><strong>a</strong></span> <span class='ocrx_word' id='word_1_373' title='bbox 298 4037 434 4126; x_wconf 84' lang='lat' dir='ltr'><strong>attinet,</strong></span> <span class='ocrx_word' id='word_1_374' title='bbox 462 4037 496 4104; x_wconf 89' lang='lat' dir='ltr'><strong>id</strong></span> <span class='ocrx_word' id='word_1_375' title='bbox 518 4040 560 4106; x_wconf 88' lang='lat' dir='ltr'><strong>ah</strong></span> <span class='ocrx_word' id='word_1_376' title='bbox 578 4036 672 4140; x_wconf 53' lang='grc' dir='ltr'><strong>ξπ</strong></span> <span class='ocrx_word' id='word_1_377' title='bbox 696 4033 879 4140; x_wconf 46' lang='lat' dir='ltr'><strong>&amp;maxime</strong></span> <span class='ocrx_word' id='word_1_378' title='bbox 899 4030 1009 4099; x_wconf 72' lang='lat' dir='ltr'><strong>differt</strong></span> <span class='ocrx_word' id='word_1_379' title='bbox 1034 4036 1172 4116; x_wconf 66' lang='lat' dir='ltr'><strong>puncto,</strong></span> <span class='ocrx_word' id='word_1_380' title='bbox 1200 4046 1340 4117; x_wconf 71' lang='lat' dir='ltr'><strong>quare?</strong></span> <span class='ocrx_word' id='word_1_381' title='bbox 1364 4041 1424 4110; x_wconf 76' lang='lat' dir='ltr'><strong>pro</strong></span> <span class='ocrx_word' id='word_1_382' title='bbox 1448 4055 1477 4134; x_wconf 62' lang='grc' dir='ltr'><em>ε</em></span> <span class='ocrx_word' id='word_1_383' title='bbox 1504 4005 1673 4102; x_wconf 76' lang='lat' dir='ltr'><strong>habeatur.</strong></span> <span class='ocrx_word' id='word_1_384' title='bbox 1747 4031 1901 4098; x_wconf 86' lang='lat' dir='ltr'><strong>Ceterum</strong></span> 
     </span>
     <span class='ocr_line' id='line_1_30' title="bbox 130 4145 1900 4244; baseline -0.007 -18"><span class='ocrx_word' id='word_1_385' title='bbox 130 4154 292 4244; x_wconf 81' lang='lat' dir='ltr'><strong>Anquetil</strong></span> <span class='ocrx_word' id='word_1_386' title='bbox 319 4153 404 4221; x_wconf 88' lang='lat' dir='ltr'><strong>huuc</strong></span> <span class='ocrx_word' id='word_1_387' title='bbox 429 4153 558 4220; x_wconf 86' lang='lat' dir='ltr'><strong>literam</strong></span> <span class='ocrx_word' id='word_1_388' title='bbox 579 4153 623 4221; x_wconf 90' lang='lat' dir='ltr'><strong>ad</strong></span> <span class='ocrx_word' id='word_1_389' title='bbox 642 4163 669 4217; x_wconf 76' lang='lat' dir='ltr'><strong>ro</strong></span> <span class='ocrx_word' id='word_1_390' title='bbox 690 4148 802 4220; x_wconf 86' lang='lat' dir='ltr'><strong>retulit</strong></span> <span class='ocrx_word' id='word_1_391' title='bbox 823 4146 909 4224; x_wconf 81' lang='lat' dir='ltr'><strong>haud</strong></span> <span class='ocrx_word' id='word_1_392' title='bbox 935 4147 1033 4232; x_wconf 85' lang='lat' dir='ltr'><strong>male,</strong></span> <span class='ocrx_word' id='word_1_393' title='bbox 1053 4164 1149 4233; x_wconf 88' lang='lat' dir='ltr'><strong>quum</strong></span> <span class='ocrx_word' id='word_1_394' title='bbox 1169 4152 1190 4219; x_wconf 78' lang='lat' dir='ltr'><strong>tl</strong></span> <span class='ocrx_word' id='word_1_395' title='bbox 1212 4145 1311 4214; x_wconf 90' lang='lat' dir='ltr'><strong>etiam</strong></span> <span class='ocrx_word' id='word_1_396' title='bbox 1331 4165 1444 4214; x_wconf 88' lang='lat' dir='ltr'><strong>sonum</strong></span> <span class='ocrx_word' id='word_1_397' title='bbox 1464 4146 1511 4214; x_wconf 88' lang='lat' dir='ltr'><strong>ho</strong></span> <span class='ocrx_word' id='word_1_398' title='bbox 1532 4147 1642 4218; x_wconf 82' lang='lat' dir='ltr'><strong>subire</strong></span> <span class='ocrx_word' id='word_1_399' title='bbox 1661 4151 1816 4238; x_wconf 80' lang='lat' dir='ltr'><strong>potuerit,</strong></span> <span class='ocrx_word' id='word_1_400' title='bbox 1835 4165 1900 4236; x_wconf 82' lang='lat' dir='ltr'><strong>pa·</strong></span> 
     </span>
     <span class='ocr_line' id='line_1_31' title="bbox 131 4275 388 4359; baseline -0.023 -17"><span class='ocrx_word' id='word_1_401' title='bbox 131 4275 215 4344; x_wconf 84' lang='lat' dir='ltr'><strong>riter</strong></span> <span class='ocrx_word' id='word_1_402' title='bbox 233 4276 334 4359; x_wconf 82' lang='lat' dir='ltr'><strong>atque</strong></span> <span class='ocrx_word' id='word_1_403' title='bbox 354 4289 388 4336; x_wconf 88' lang='lat' dir='ltr'><strong>o.</strong></span> 
     </span>
    </p>

    <p class='ocr_par' dir='ltr' id='par_1_7' title="bbox 136 4411 2012 4760">
     <span class='ocr_line' id='line_1_32' title="bbox 287 4411 1899 4529; baseline -0.003 -44"><span class='ocrx_word' id='word_1_404' title='bbox 287 4416 423 4529; x_wconf 51' lang='lat'><strong>[2:-</strong></span> <span class='ocrx_word' id='word_1_405' title='bbox 447 4425 485 4524; x_wconf 64' lang='grc' dir='ltr'><strong>ε.</strong></span> <span class='ocrx_word' id='word_1_406' title='bbox 546 4417 652 4494; x_wconf 75' lang='lat' dir='ltr'><strong>Quum</strong></span> <span class='ocrx_word' id='word_1_407' title='bbox 672 4415 759 4485; x_wconf 88' lang='lat' dir='ltr'><strong>enim</strong></span> <span class='ocrx_word' id='word_1_408' title='bbox 779 4431 808 4518; x_wconf 58' lang='lat' dir='ltr'>g</span> <span class='ocrx_word' id='word_1_409' title='bbox 824 4423 847 4473; x_wconf 75' lang='lat' dir='ltr'><strong>t</strong></span> <span class='ocrx_word' id='word_1_410' title='bbox 869 4427 891 4499; x_wconf 75' lang='grc' dir='ltr'><em>ε</em></span> <span class='ocrx_word' id='word_1_411' title='bbox 917 4418 1016 4502; x_wconf 85' lang='lat' dir='ltr'><strong>atquo</strong></span> <span class='ocrx_word' id='word_1_412' title='bbox 1042 4412 1105 4520; x_wconf 50' lang='lat' dir='ltr'><strong>{a</strong></span> <span class='ocrx_word' id='word_1_413' title='bbox 1122 4429 1152 4520; x_wconf 55' lang='lat' dir='ltr'>g</span> <span class='ocrx_word' id='word_1_414' title='bbox 1169 4413 1322 4480; x_wconf 76' lang='lat' dir='ltr'><strong>ditarunt</strong></span> <span class='ocrx_word' id='word_1_415' title='bbox 1348 4411 1478 4480; x_wconf 75' lang='lat' dir='ltr'><strong>dracho</strong></span> <span class='ocrx_word' id='word_1_416' title='bbox 1504 4417 1688 4502; x_wconf 80' lang='lat' dir='ltr'><strong>punctoque</strong></span> <span class='ocrx_word' id='word_1_417' title='bbox 1714 4411 1899 4504; x_wconf 77' lang='lat' dir='ltr'><strong>discriticn3</strong></span> 
     </span>
     <span class='ocr_line' id='line_1_33' title="bbox 136 4526 1900 4640; baseline -0.007 -33"><span class='ocrx_word' id='word_1_418' title='bbox 136 4538 283 4607; x_wconf 86' lang='lat' dir='ltr'><strong>dubitare</strong></span> <span class='ocrx_word' id='word_1_419' title='bbox 303 4557 367 4606; x_wconf 95' lang='lat' dir='ltr'><strong>uun</strong></span> <span class='ocrx_word' id='word_1_420' title='bbox 388 4537 477 4623; x_wconf 88' lang='lat' dir='ltr'><strong>licet,</strong></span> <span class='ocrx_word' id='word_1_421' title='bbox 496 4532 825 4640; x_wconf 51' lang='lat' dir='ltr'><strong>getgrespoudere</strong></span> <span class='ocrx_word' id='word_1_422' title='bbox 844 4529 1050 4616; x_wconf 85' lang='lat' dir='ltr'><strong>Neopersico</strong></span> <span class='ocrx_word' id='word_1_423' title='bbox 1071 4541 1114 4636; x_wconf 64' lang='grc' dir='ltr'><strong>ε,</strong></span> <span class='ocrx_word' id='word_1_424' title='bbox 1142 4530 1227 4618; x_wconf 88' lang='lat' dir='ltr'><strong>quud</strong></span> <span class='ocrx_word' id='word_1_425' title='bbox 1251 4549 1336 4626; x_wconf 45' lang='lat' dir='ltr'><strong>„aa</strong></span> <span class='ocrx_word' id='word_1_426' title='bbox 1361 4526 1514 4618; x_wconf 79' lang='lat' dir='ltr'><strong>(rholo)</strong></span> <span class='ocrx_word' id='word_1_427' title='bbox 1534 4535 1683 4598; x_wconf 88' lang='lat' dir='ltr'><strong>vocatur.</strong></span> <span class='ocrx_word' id='word_1_428' title='bbox 1703 4527 1800 4615; x_wconf 78' lang='lat' dir='ltr'><strong>Quid,</strong></span> <span class='ocrx_word' id='word_1_429' title='bbox 1815 4527 1900 4616; x_wconf 86' lang='lat' dir='ltr'><strong>quod</strong></span> 
     </span>
     <span class='ocr_line' id='line_1_34' title="bbox 136 4639 2012 4760; baseline -0.006 -36"><span class='ocrx_word' id='word_1_430' title='bbox 136 4653 234 4724; x_wconf 80' lang='lat' dir='ltr'><strong>Pausi</strong></span> <span class='ocrx_word' id='word_1_431' title='bbox 253 4653 317 4742; x_wconf 82' lang='lat' dir='ltr'><strong>ipsi</strong></span> <span class='ocrx_word' id='word_1_432' title='bbox 335 4651 462 4760; x_wconf 57' lang='lat' dir='ltr'><strong>{teste</strong></span> <span class='ocrx_word' id='word_1_433' title='bbox 482 4651 660 4720; x_wconf 85' lang='lat' dir='ltr'><strong>Niehulnrio</strong></span> <span class='ocrx_word' id='word_1_434' title='bbox 680 4648 768 4726; x_wconf 80' lang='lat' dir='ltr'><strong>rheu</strong></span> <span class='ocrx_word' id='word_1_435' title='bbox 788 4639 1018 4736; x_wconf 65' lang='lat' dir='ltr'><strong>appellarunt?</strong></span> <span class='ocrx_word' id='word_1_436' title='bbox 1040 4646 1143 4722; x_wconf 79' lang='lat' dir='ltr'><strong>Quum</strong></span> <span class='ocrx_word' id='word_1_437' title='bbox 1164 4652 1184 4720; x_wconf 77' lang='lat' dir='ltr'><strong>t</strong></span> <span class='ocrx_word' id='word_1_438' title='bbox 1205 4646 1304 4714; x_wconf 87' lang='lat' dir='ltr'><strong>etiam</strong></span> <span class='ocrx_word' id='word_1_439' title='bbox 1321 4644 1369 4734; x_wconf 71' lang='lat' dir='ltr'><strong>yla</strong></span> <span class='ocrx_word' id='word_1_440' title='bbox 1388 4645 1548 4734; x_wconf 88' lang='lat' dir='ltr'><strong>sonuerit,</strong></span> <span class='ocrx_word' id='word_1_441' title='bbox 1571 4665 1636 4714; x_wconf 92' lang='lat' dir='ltr'><strong>nun</strong></span> <span class='ocrx_word' id='word_1_442' title='bbox 1656 4647 1769 4720; x_wconf 79' lang='lat' dir='ltr'><strong>mirum</strong></span> <span class='ocrx_word' id='word_1_443' title='bbox 1787 4643 1900 4748; x_wconf 56' lang='lat' dir='ltr'><strong>{Zen-</strong></span> <span class='ocrx_word' id='word_1_444' title='bbox 2007 4703 2012 4712; x_wconf 92' lang='lat'><em>.</em></span> 
     </span>
    </p>
   </div>
   <div class='ocr_carea' id='block_1_5' title="bbox 227 5016 1188 5107">
    <p class='ocr_par' dir='ltr' id='par_1_8' title="bbox 227 5016 1188 5107">
     <span class='ocr_line' id='line_1_35' title="bbox 227 5016 1188 5107; baseline -0.012 -15"><span class='ocrx_word' id='word_1_445' title='bbox 227 5085 232 5092; x_wconf 91' lang='lat'><em>.</em></span> <span class='ocrx_word' id='word_1_446' title='bbox 288 5023 328 5107; x_wconf 72' lang='lat' dir='ltr'><strong>t)</strong></span> <span class='ocrx_word' id='word_1_447' title='bbox 349 5027 522 5102; x_wconf 75' lang='lat' dir='ltr'><strong>Scyllarthr</strong></span> <span class='ocrx_word' id='word_1_448' title='bbox 542 5029 588 5090; x_wconf 85' lang='lat' dir='ltr'><strong>lla</strong></span> <span class='ocrx_word' id='word_1_449' title='bbox 608 5023 692 5088; x_wconf 76' lang='lat' dir='ltr'><strong>soma</strong></span> <span class='ocrx_word' id='word_1_450' title='bbox 712 5021 866 5085; x_wconf 84' lang='lat' dir='ltr'><strong>literarum</strong></span> <span class='ocrx_word' id='word_1_451' title='bbox 886 5021 1066 5083; x_wconf 68' lang='lat' dir='ltr'><strong>ansarum</strong></span> <span class='ocrx_word' id='word_1_452' title='bbox 1087 5037 1117 5098; x_wconf 77' lang='lat' dir='ltr'><strong>p.</strong></span> <span class='ocrx_word' id='word_1_453' title='bbox 1136 5016 1188 5080; x_wconf 75' lang='lat' dir='ltr'><strong>tt.</strong></span> 
     </span>
    </p>
   </div>
   <div class='ocr_carea' id='block_1_6' title="bbox 0 0 2392 6102">
    <p class='ocr_par' dir='ltr' id='par_1_9' title="bbox 0 0 2392 6102">
     <span class='ocr_line' id='line_1_36' title="bbox 0 0 2392 6102; baseline 0 0"><span class='ocrx_word' id='word_1_454' title='bbox 0 0 2392 6102; x_wconf 95' lang='lat' dir='ltr'><strong> </strong></span> 
     </span>
    </p>
   </div>
  </div>
 </body>
</html>
