4774 6104
1252 551 1506 630 ...48-

647 761 763 848 ltaque
785 757 955 827 videamus
976 764 1055 826 ante
1075 754 1182 826 omnia
1202 752 1245 824 de
1264 757 1430 824 literarum
1452 751 1702 822 onneoiormiom
1724 750 1855 837 ordine,
1875 770 1939 840 qno
1956 751 2043 820 iacto
2060 751 2270 840 alphabetum

497 879 559 948 boc
580 897 650 947 com
671 877 886 967 Neopersioo,
908 877 1056 944 zendieo
1078 880 1113 943 et
1133 873 1290 942 i‘ehlnico
1312 889 1502 961 comparare
1523 871 1656 940 iuuabit.

711 1143 716 1152 ,
858 1069 896 1149 S·
921 1059 960 1145 2·
1010 1058 1072 1140 De
1096 1060 1357 1138 combinatione
1381 1059 1576 1136 literarum
1601 1060 1900 1161 cancosomnium.

652 1229 806 1313 Quamuis
826 1227 917 1296 multi
938 1226 1135 1317 putruerint,
1157 1226 1224 1316 olli,
1243 1225 1358 1294 literas
1379 1224 1607 1294 onneotormes
1628 1244 1708 1294 esse
1725 1225 1923 1296 imitationes
1942 1224 2108 1290 literarum
2129 1222 2165 1290 in
2186 1221 2271 1292 Asia

501 1347 792 1436 volumumus,
813 1347 1006 1434 scripturam
1030 1352 1200 1413 cuneatum
1222 1361 1300 1412 esse
1318 1345 1505 1433 genuinam,
1526 1343 1752 1432 alphabeticus
1779 1351 1932 1434 matrem,
1958 1343 2017 1409 vix
2047 1347 2157 1408 tamen
2185 1359 2272 1430 opus

498 1471 552 1533 est
572 1465 799 1533 demonstrare
820 1463 930 1530 talium
958 1481 1114 1548 nugarum
1140 1464 1329 1530 vanitatem.
1398 1461 1437 1528 in
1468 1461 1580 1529 oculos
1608 1461 1760 1550 incurrit,
1790 1458 1948 1528 eiusmodi
1972 1457 2098 1546 literne,
2118 1457 2169 1525 vti
2189 1441 2272 1541 Υἶ,

497 1565 611 1667 ΠΕ,
636 1563 766 1665 ΥΠ»,
796 1563 902 1664 >ib
927 1562 1058 1664 ἷΠΥ,
1083 1563 1147 1665 (Υ,
1174 1560 1309 1664 iii»,
1323 1597 1406 1665 qnae
1419 1578 1499 1645 nolli
1519 1579 1645 1660 literae,
1659 1578 1715 1647 vel
1735 1577 1837 1644 cuiuis
1858 1577 2083 1662 amnuerunt,
2104 1574 2273 1663 prodiisse

499 1698 799 1768 excombinatiooe
821 1703 856 1764 et
885 1697 1083 1786 repetitione
1112 1697 1208 1762 trium
1237 1695 1480 1762 elementorum.
1524 1695 1594 1763 Fac
1614 1695 1737 1784 aliquot
1758 1713 1930 1763 cuneorum
1950 1694 2141 1782 complexos
2161 1694 2274 1763 videri

498 1816 623 1884 similes
642 1816 749 1884 literis
770 1813 894 1890 indicis
915 1813 1054 1904 aliisue,
1076 1819 1168 1900 patet
1189 1811 1332 1901 reliquos
1354 1811 1432 1879 nihil
1464 1831 1653 1900 congruere.
1704 1814 1816 1902 Atque
1845 1817 1978 1880 constat
2005 1811 2205 1912 arteliciosis
2233 1831 2273 1881 ao

498 1933 713 2002 fraudulentis
734 1931 934 2018 argumentis
956 1932 1103 2020 quamuis
1128 1929 1256 1997 demum
1277 1929 1389 1996 thesin
1416 1929 1529 1998 sciolis
1559 1929 1775 2000 demonstrari
1802 1949 1914 2018 posse.
1970 1929 2030 1998 Sic
2058 1927 2272 1997 Cahbalistne

500 2049 688 2128 docuerunt,
709 2049 825 2116 literas
847 2047 1031 2116 Hebraicos
1052 2046 1087 2114 in
1116 2045 1209 2114 coelo
1229 2046 1379 2136 reperiri,
1409 2047 1485 2134 quia
1511 2046 1609 2116 lineis
1636 2067 1658 2117 a
1686 2048 1784 2117 stella
1812 2048 1952 2136 quadam
1979 2046 2022 2116 ad
2049 2047 2136 2114 alias
2163 2045 2272 2114 ductis

500 2167 603 2237 insint
622 2165 861 2234 delineamenta
882 2166 1049 2234 literarum
1069 2163 1313 2232 Hebraicarom.
1358 2162 1452 2249 Quod
1474 2165 1699 2254 antiquitatem
1719 2163 2129 2255 scripturaeconeoiormis
2150 2165 2272 2232 attinet

500 2283 707 2354 elatercnlis
732 2282 946 2371 Babyloniois
973 2282 1122 2370 ductam,
1156 2281 1355 2370 probandum
1381 2281 1513 2363 inisset,
1539 2283 1658 2350 rudera
1685 2282 1890 2370 Babyloniae
1914 2299 1993 2350 esse
2026 2301 2109 2352 vere
2136 2283 2271 2370 antiqua

500 2407 599 2490 atque
619 2400 822 2488 Babylonem
841 2409 986 2470 nostram
1007 2396 1225 2468 ooo'dlnerre
1245 2418 1267 2466 a
1286 2397 1446 2488 Mosaios,
1467 2397 1552 2487 qood
1573 2400 1628 2468 alli
1652 2406 1825 2488 negarunt.

653 2569 724 2638 lam
738 2569 768 2635 si
787 2567 906 2636 literae
927 2574 1087 2638 concatae
1107 2573 1185 2636 sont
1205 2566 1470 2656 combinatoriae,
1490 2566 1646 2636 obiecerit
1666 2568 1797 2658 aliquis,
1818 2586 1930 2639 earnm
1950 2588 2116 2639 numerum
2131 2570 2271 2640 nondum

503 2703 582 2756 esse
603 2686 781 2770 delinitum,
801 2704 862 2774 qoo
885 2686 989 2754 omnis
1010 2685 1094 2752 baec
1114 2684 1308 2753 combinatio
1329 2686 1422 2752 irrita
1450 2684 1519 2752 fiet.
1578 2685 1627 2752 At
1655 2691 1812 2773 quotquot
1838 2686 1997 2756 hactenus
2021 2688 2082 2757 boe
2103 2688 2270 2758 literarum

502 2821 609 2890 genus
629 2804 713 2870 satis
734 2804 874 2892 amplum
895 2808 1090 2890 tractarunt,
1112 2801 1203 2870 solas
1223 2802 1298 2870 illas
1310 2797 1362 2869 36
1375 2801 1493 2869 literas
1513 2801 1716 2870 inuenerunt.
1738 2800 1905 2893 Quumque
1920 2803 2045 2874 Persae
2066 2807 2270 2874 recentiores

503 2918 701 2988 solummodo
723 2917 775 2986 :te
796 2920 912 2988 literas
933 2920 1092 3012 habeant3
1112 2920 1169 2989 vel
1190 2939 1262 2989 eam
1283 2918 1325 2986 ob
1346 2937 1477 2986 oausam
1497 2920 1662 3007 probabile
1683 2927 1748 3011 est,
1773 2929 1909 2990 veteres
1929 2922 2053 2992 Persas
2072 2943 2137 2992 non
2158 2925 2271 3010 plores

503 3035 695 3104 distinxisse
715 3036 846 3122 linguae
860 3055 971 3104 sonos.
1014 3037 1167 3126 Accedit,
1187 3036 1271 3125 qnod
1289 3054 1441 3104 numeros
1456 3031 1509 3103 ee
1523 3037 1573 3104 vti
1583 3038 1727 3127 reliquos
1740 3037 1824 3126 apud
1840 3039 2034 3127 populosior
2046 3039 2269 3127 apudi'ersas

503 3171 630 3242 qnoque
651 3172 709 3242 pro
731 3158 847 3220 saneto
867 3171 908 3219 oo
928 3153 1083 3239 religioso
1110 3154 1233 3245 valuit,
1260 3157 1381 3244 quippe
1407 3155 1554 3222 attinens
1581 3155 1759 3224 Zodincmn
1787 3157 1821 3224 in
1838 3153 1896 3242 ,36
1923 3164 2035 3245 parles
2054 3156 2203 3244 diuisum,
2226 3158 2271 3225 ad

503 3289 599 3359 «poem
618 3269 746 3339 Persae
767 3269 950 3358 etiamnum,
973 3273 1021 3338 vti
1042 3271 1169 3340 besica
1190 3271 1320 3363 docent,
1341 3273 1455 3340 literas
1476 3291 1557 3340 snas
1578 3274 1731 3342 referunt.
1774 3270 1928 3341 Ceterum
1946 3275 2012 3342 noli
2027 3291 2157 3361 vrgere,
2180 3293 2270 3344 com·

502 3385 669 3453 binatione
691 3393 727 3452 et
747 3387 943 3474 repetitione
964 3389 1060 3455 trium
1082 3407 1255 3456 cuneorum
1274 3387 1352 3482 (›,
1376 3389 1412 3478 l,
1432 3383 1480 3480 <)
1506 3390 1605 3456 multo
1632 3389 1744 3478 plores
1777 3392 1941 3478 praestari
1970 3411 2071 3480 posse
2099 3409 2269 3460 cemeorom

503 3503 702 3586 complexus,
723 3520 819 3585 quam
841 3499 893 3566 86
915 3502 1002 3568 illos.
1066 3501 1206 3570 Scilicet
1226 3511 1339 3570 auctor
1359 3504 1526 3590 alphabeti
1548 3507 1761 3576 cuneoiormis
1782 3508 1825 3578 de
1853 3508 2074 3598 complexibus
2103 3512 2268 3579 combina-

504 3617 599 3684 torils
629 3615 729 3699 elegit
758 3631 818 3680 eos
846 3619 987 3702 tantum,
1009 3615 1064 3703 qui
1089 3617 1270 3685 rationibus
1298 3619 1482 3706 scripturae
1509 3620 1665 3710 lapidaris
1693 3625 1924 3716 conuenirent,
1951 3629 2111 3718 nmine,
2132 3630 2271 3718 inquam,

505 3731 684 3821 simplices.

653 3911 716 4000 Qui
737 3914 852 3985 literas
872 3921 1029 3986 cuneatas
1049 3921 1174 3986 certum
1194 3917 1228 3987 in
1257 3919 1403 3989 ordinem
1429 3921 1581 4010 redigere
1607 3921 1742 3994 student
1768 3927 1945 3998 secondom
1971 3936 2075 4001 artem
2106 3933 2272 4003 combina-

504 4033 637 4126 torinmp
669 4031 872 4126 distinguere
898 4034 1019 4104 debent
1046 4043 1123 4105 ante
1153 4038 1261 4108 omnia
1290 4047 1428 4127 quatuor
1453 4041 1674 4129 complexuum
1700 4045 1838 4114 classes
1880 4048 1979 4118 Aliae
2000 4050 2085 4117 enim
2113 4047 2275 4118 literaea

503 4169 610 4220 cuneo
636 4171 742 4240 aequo
763 4177 804 4223 >
831 4153 1006 4243 incipiunt,
1033 4173 1127 4242 qnae,
1153 4175 1247 4243 qoom
1268 4159 1555 4227 numerosissimae
1582 4160 1661 4247 sint,
1687 4163 1790 4249 primo
1818 4163 1890 4233 loco
1916 4165 1994 4254 poni
2021 4165 2162 4244 debent3
2183 4164 2275 4234 aliae

504 4269 612 4353 paullo
632 4269 737 4336 minus
757 4270 947 4360 trequentes
961 4272 1022 4338 abs
1035 4271 1078 4361 ἴς
1093 4271 1179 4339 aliae
1193 4273 1255 4339 abs
1267 4282 1293 4348 <
1307 4292 1378 4341 cum
1391 4279 1556 4346 cuneis>
1574 4286 1609 4347 et
1624 4278 1646 4359 l
1664 4281 1860 4374 composit03
1880 4282 1967 4348 aliae
1986 4279 2125 4362 denique
2144 4277 2205 4344 obs
2229 4303 2274 4348 ι

504 4381 638 4462 itonam,
665 4385 727 4451 sed
746 4386 880 4475 reliquis
901 4388 1015 4455 cuneis
1042 4387 1204 4476 imposito.
1274 4389 1370 4458 llaec
1391 4393 1464 4462 sola
1485 4401 1541 4461 est
1561 4393 1733 4482 dispositio
1760 4400 1846 4466 insto
1865 4415 1905 4465 oe
1926 4393 2082 4463 naturalis
2103 4393 2272 4470 classium.

504 4493 636 4564 Etenim
657 4502 751 4570 cunei
771 4503 938 4590 simplices
958 4528 1012 4594 ›,
1034 4503 1056 4584 l
1080 4506 1241 4592 praemitti
1262 4507 1384 4575 debent
1405 4511 1585 4597 composito
1607 4523 1643 4600 <,
1666 4515 1790 4600 pariter
1810 4523 1909 4600 atque
1929 4511 2058 4578 classes
2084 4517 2273 4583 numerosi-

505 4631 581 4680 ores
600 4615 707 4682 minns
727 4621 926 4709 numerosis3
946 4625 1046 4708 atque
1067 4622 1354 4692 combinationibns
1382 4645 1556 4694 cuneorum
1583 4649 1638 4718 ›,
1666 4631 1688 4712 l
1719 4637 1755 4698 et
1775 4627 1993 4718 <exhaustis
2014 4628 2140 4696 demum
2161 4627 2271 4702 denuo

503 4729 610 4802 series
630 4731 692 4800 abs
710 4753 750 4800 >
776 4733 899 4820 primae
920 4736 1041 4805 elassis
1061 4737 1256 4827 incipienda.
1299 4739 1354 4808 En
1378 4749 1516 4830 quatuor
1542 4743 1709 4814 literarum
1736 4743 1985 4812 cuneolormiom
2007 4744 2136 4814 classes
2156 4748 2191 4814 in
2211 4769 2269 4818 or·

502 4845 614 4916 dinem
633 4847 800 4918 redactas.
843 4849 989 4920 Tabulae
1011 4853 1085 4922 boio
1105 4863 1239 4926 noemae
1259 4859 1468 4952 apposuimus
1490 4859 1605 4930 literas
1625 4861 1774 4948 Latinas,
1784 4861 2084 4948 pronunciationem
2102 4863 2268 4956 Lassenii,

503 4963 672 5033 Bnrnoubi
692 4970 728 5033 et
748 4964 859 5034 Beerii
880 4973 1084 5058 spectantes,
1105 4989 1201 5058 qoam
1221 4973 1305 5044 intro
1325 4942 1510 5046 securatlus
1531 4978 1723 5065 expendere
1743 4975 1882 5046 officinm
1902 4977 1978 5046 erit.
