4774 6104
899 1857 1042 1963 Pars
1082 1855 1153 1962 11.

344 2123 421 2248 De
453 2165 723 2298 otptrobeto
760 2167 1055 2272 scripturae
1091 2161 1437 2277 ooaooformr'c
1471 2162 1706 2276 yeaoirro.

823 2501 862 2581 r.
882 2461 929 2572 '1.
978 2492 1243 2574 uramara.-

141 2609 435 2742 Quemadmodom
455 2663 491 2730 in
510 2665 676 2753 Aegypto,
695 2661 743 2732 ita
762 2663 795 2731 in
818 2661 903 2730 Asia
923 2681 1050 2753 quoqne
1065 2663 1241 2751 singularis
1254 2659 1413 2753 quaedam
1429 2663 1593 2752 scriptura
1607 2659 1780 2749 reperitur,
1795 2650 1913 2746 quippe

141 2780 358 2848 cuneolormis
378 2780 511 2866 triplex,
531 2780 662 2866 cognita
682 2798 726 2847 cx
746 2780 915 2849 alabastro
942 2780 1118 2871 Parisino,
1138 2800 1209 2849 cunr
1230 2781 1321 2848 titulo
1342 2780 1606 2870 hieroglyphice:
1632 2778 1768 2850 biturio
1788 2775 1827 2844 bt
1846 2777 1912 2861 otc,

142 2895 284 2967 Χιτωεε
303 2913 371 2961 rea
390 2890 598 2986 mapaua¹J3
616 2913 711 2983 quam
724 2896 801 2962 item
817 2896 872 2964 diu
884 2917 942 2983 pro
956 2899 1135 2985 symbolica
1154 2897 1346 2966 babuerunt.
1367 2897 1432 2965 His
1453 2898 1581 2986 quidem
1601 2897 1707 2966 literis
1726 2895 1911 2974 Persarum,

141 3010 314 3080 Medorum
331 3016 366 3077 et
386 3010 598 3098 Assyriorum
619 3010 887 3094 euneoiormibas‚
900 3012 988 3079 inter
1008 3033 1091 3100 quas
1112 3015 1230 3082 eadem
1244 3015 1431 3082 necessitas
1442 3015 1649 3084 intercedere
1664 3012 1794 3083 videtur
1814 3015 1914 3096 atque

141 3125 636 3216 interdemoticam,bieratioam
647 3131 683 3195 et
695 3126 1155 3216 hieroglyphicamprimalux
1166 3129 1289 3198 ndulsit
1298 3138 1376 3199 ante
1392 3129 1453 3198 bos
1466 3130 1599 3217 triginta
1610 3146 1727 3215 annos,
1741 3131 1914 3214 postquam

142 3243 346 3313 Grotel'endo
360 3243 553 3330 contigerat,
574 3243 781 3313 vtParsieos
802 3244 928 3331 aliquot
949 3263 1121 3313 cuneorum
1143 3246 1331 3334 complexus
1351 3245 1560 3334 alphabetico
1579 3243 1808 3332 pronunciaret
1827 3259 1914 3309 uon-

142 3361 296 3451 nnllaque
325 3360 483 3430 vocabula
503 3360 712 3448 grammatice
733 3360 923 3448 explicaret.
975 3359 1211 3432 Grotetendum
1232 3364 1339 3432 secati
1360 3369 1437 3431 suat
1457 3361 1645 3431 felicissimo
1667 3378 1738 3427 cum
1757 3375 1913 3428 successa

141 3479 286 3568 Mintur,
298 3475 351 3546 St
364 3477 496 3561 tinctio,
510 3477 615 3562 llaslr,
638 3477 793 3567 llurnont,
810 3479 945 3546 Lassen
958 3484 994 3546 ct
1005 3477 1116 3566 Becr3
1132 3480 1175 3548 de
1189 3479 1305 3567 quibus
1318 3479 1473 3562 Barnout,
1488 3479 1620 3546 Lassen
1633 3483 1669 3545 et
1681 3453 1772 3544 Beer
1787 3493 1849 3562 ope
1860 3476 1913 3542 in-

140 3595 334 3685 scriptionis
354 3594 607 3676 Niebuhrianae,
642 3611 728 3682 quae
753 3595 937 3680 catalogum
964 3595 1153 3682 populorum
1179 3613 1201 3663 a
1228 3595 1399 3663 Herodoto
1420 3598 1737 3664 commemoratorum
1757 3593 1914 3680 eontinet,

140 3721 246 3802 atque
266 3711 385 3780 anxilio
400 3712 532 3797 linguae
553 3709 790 3799 Sanscriticae,
811 3729 896 3798 quae
925 3711 1093 3780 vocabulis
1119 3709 1231 3778 maltis
1257 3710 1433 3801 formisque
1459 3711 1678 3798 grammaticis
1707 3708 1914 3778 Persicorum

140 3829 347 3916 antiquarum
368 3827 523 3896 similibus
545 3831 686 3918 constat,
706 3827 915 3915 alphabetum
935 3825 1130 3896 Grotetendi
1150 3826 1259 3896 maltis
1279 3829 1424 3896 numeris
1444 3834 1607 3897 auxerunt
1628 3824 1913 3913 emendarantqoe.

141 3943 368 4031 Quaestiones
388 3943 449 4010 bas
469 3946 502 4011 in
523 3945 723 4012 literaturam
743 3943 922 4012 Personam
943 3944 1180 4012 cuneotorrnern
1201 3943 1362 4012 hactenns
1383 3946 1552 4014 institutas
1574 3963 1678 4033 nuper
1697 3943 1793 4012 docte
1806 3961 1914 4031 expro-

140 4064 211 4130 sait
231 4059 487 4148 ponderanitque
508 4061 635 4147 collega
663 4067 699 4128 et
717 4059 842 4128 araim
869 4059 948 4128 mibi
975 4060 1259 4128 nomanatissimus
1285 4060 1374 4128 Prot.
1403 4057 1550 4154 nerra).
1600 4061 1693 4144 Quae
1724 4060 1914 4128 dissertatio

142 4184 279 4268 praeter
301 4195 354 4261 ea,
374 4194 459 4265 quae
479 4177 617 4244 Beerim
637 4177 787 4264 priuatim
807 4195 932 4246 mecum
952 4176 1211 4266 communicandi,
1233 4195 1348 4246 ansam
1366 4177 1463 4246 nobis
1482 4177 1634 4267 praebuit
1654 4176 1697 4245 ad
1724 4175 1914 4244 dissertati-

145 4315 240 4366 onem
260 4295 356 4362 banc.

298 4408 482 4494 Quaeritur,
502 4411 579 4500 qaid
599 4410 642 4481 de
661 4409 769 4480 literis
789 4411 966 4480 Persarum
972 4459 984 4502 ,
1004 4409 1185 4494 Madarra,
1211 4411 1424 4500 Assyriorum
1453 4417 1489 4480 et
1515 4412 1764 4501 Babyloniorum
1791 4429 1914 4480 coneo·

149 4529 301 4598 tormibns
321 4528 527 4596 statuendum
547 4529 603 4598 sit.
644 4529 755 4597 Primo
776 4527 905 4617 quidem
926 4527 1178 4598 demonstratum
1199 4535 1265 4613 est,
1278 4531 1471 4620 scripturam
1491 4531 1667 4599 Persarum
1679 4527 1913 4599 eoneotormcm

152 4652 302 4715 constare
324 4643 377 4714 aa
398 4646 516 4738 literis,
536 4665 668 4735 qraram
689 4645 987 4735 pronunciationem
1007 4643 1213 4716 stabilierant
1234 4645 1337 4716 banc:

302 4899 339 4976 1)
359 4903 573 4980 Apograpbnm
593 4907 760 4964 comeatum
779 4903 870 4964 baluc
891 4903 1033 4965 alabastri
1053 4903 1119 4979 lpso
1140 4903 1172 4964 ln
1194 4905 1316 4968 naulo
1337 4907 1450 4969 tactum
1471 4907 1533 4970 vid.
1560 4907 1642 4969 rnna
1662 4907 1733 4968 'l'ab
1753 4906 1807 4966 lv.
1828 4917 1855 4960 a.

301 5013 340 5094 i)
359 5019 514 5082 lladlacba
533 5021 818 5100 litteraturzeitung.
840 5019 933 5082 tuas.
953 5023 1002 5084 st.
1024 5018 1053 5080 1.
1073 5037 1156 5098 seqq.
