4796 6106
1241 573 1487 648 ..ua-

480 781 638 856 Hebraici
656 782 773 876 lulius
801 799 842 866 co,
871 778 986 848 aliast
1014 795 1057 861 u,
1086 774 1170 844 alias
1191 777 1234 841 tu
1255 771 1481 860 significantis
1524 765 1677 840 cetum
1704 769 1826 838 nemini
1851 785 1969 838 nonum
1994 766 2168 857 videbitur,
2190 772 2247 840 vl-

481 902 591 970 timam
611 897 777 987 alphabeti
797 898 926 965 literam
952 893 986 962 V
1008 892 1142 980 Papud
1161 895 1354 980 Neupersas
1375 891 1525 978 periisse.
1568 888 1661 957 Idem
1681 887 1767 956 euim
1780 887 1901 954 Arabis
1921 887 2043 954 accidit
2063 889 2245 974 atunelde-

482 1019 594 1088 braeis
620 1017 776 1103 aliisque,
799 1015 854 1102 qui
887 1031 1062 1082 consonam
1090 1017 1118 1101 t,
1138 1011 1257 1100 quippe
1284 1009 1318 1078 V
1332 1009 1527 1076 simillimam
1547 1003 1709 1074 seriusad
1731 1003 2010 1093 ucxprimendum
2023 1003 2247 1100 adhibuerunt,
2381 1045 2382 1062 r

484 1133 653 1202 diacriticu
676 1129 839 1201 addenda.

1185 1357 1224 1436 s.
1249 1348 1289 1424 3.
1343 1345 1398 1424 Ca
1423 1347 1553 1448 atrab,

635 1519 705 1587 lam
731 1519 815 1588 satis
844 1516 887 1608 de
914 1514 1142 1586 conuenientia
1170 1513 1333 1602 alphabeti
1359 1511 1557 1600 Neupersici
1584 1517 1682 1601 atquc
1709 1505 1813 1580 Guhoi
1842 1529 1914 1580 cum
1940 1509 2077 1580 Parsiou
2105 1511 2252 1604 antique,

484 1635 603 1724 quippe
620 1636 769 1706 Zeudicu
790 1643 825 1706 et
845 1635 1010 1706 Pehlnicu.
1053 1633 1319 1702 Demonstrutnm
1340 1638 1439 1719 atque
1460 1631 1598 1698 aulolum
1619 1635 1768 1717 putamus
1789 1626 1852 1697 hac
1872 1635 1985 1698 nostru
2013 1629 2253 1722 disquisitione,

483 1753 690 1842 alphabetum
712 1755 882 1822 Parsicum
903 1774 924 1822 a
944 1752 1148 1839 Neupersicu
1170 1750 1255 1817 haud
1277 1750 1416 1817 differre.
1446 1731 1590 1816 ¹Etenim

641 1867 689 1963 1)
715 1869 888 1958 Scriptura
914 1870 1065 1938 Zendica
1092 1873 1127 1935 et
1153 1861 1311 1934 Pehluica
1340 1870 1548 1953 comparatae
1569 1868 1647 1932 sunt
1666 1863 1725 1947 ita,
1748 1870 1788 1933 vt
1808 1863 2025 1952 alphabeticis
2047 1865 2252 1936 adnumerari

485 1987 639 2075 debeant,
658 1987 709 2056 vti
730 1988 925 2079 Hebruioue,
946 1988 1115 2076 Persicae,
1137 1983 1286 2074 Cuticae,
1311 1984 1488 2071 Arabicae,
1517 1981 1678 2051 Graecae.
1743 1980 1851 2072 Quod,
1875 2000 1969 2070 quum
1989 2001 2051 2070 per
2071 2003 2111 2052 se
2131 1986 2251 2054 clarum

486 2103 542 2192 sit,
561 2121 656 2172 nemu
675 2107 817 2192 negabit
939 2159 943 2166 ,

580 2315 585 2322 ,
638 2233 687 2331 2)
708 2240 809 2309 Nulla
830 2245 884 2309 est
905 2259 965 2329 per
986 2245 1088 2309 tutum
1109 2244 1269 2306 terrarum
1291 2237 1401 2305 urbam
1428 2237 1591 2324 scriptura
1616 2209 1752 2303 sr‘miliur
1777 2232 1955 2324 Persicae,
1981 2252 2078 2322 quam
2097 2237 2251 2324 Neuper-

485 2354 568 2443 sica,
587 2355 643 2423 vel
664 2353 808 2424 Arubic'a
828 2365 863 2425 et
884 2356 1003 2424 Culica
1069 2353 1295 2442 Quamobrem,
1314 2353 1369 2439 qui
1389 2352 1597 2440 alphabetum
1616 2351 1787 2420 Persicum
1807 2354 1984 2420 restituere
2011 2353 2159 2443 cupiunt,
2179 2355 2253 2441 pri-

486 2491 573 2538 mum
592 2471 817 2559 Neupersicas
837 2474 955 2540 literas
975 2491 1046 2538 oum
1067 2471 1215 2538 Persicis
1243 2488 1432 2557 comparare
1453 2470 1585 2538 debent.
1648 2469 1838 2536 Pehluicam
1860 2469 1989 2557 quidem
2011 2469 2253 2558 Zeudioamque
2381 2459 2382 2496 ³

487 2589 681 2675 scripturam
705 2607 783 2657 csse
810 2609 908 2658 uuam
937 2587 1154 2678 eandemque,
1181 2607 1276 2655 nemu
1303 2605 1368 2654 nun
1394 2585 1497 2654 videt.
1540 2585 1668 2654 Eadem
1688 2585 1774 2654 euim
1794 2593 1847 2653 est
1868 2586 1902 2652 iu
1929 2592 2068 2674 utraque
2089 2587 2253 2656 literarum

487 2703 600 2796 farma,
623 2707 817 2796 coniunctio,
835 2723 998 2796 numerus,
1019 2705 1139 2788 series,
1160 2703 1392 2790 pronunciatio,
1413 2703 1443 2768 si
1465 2721 1486 2770 a
1505 2704 1713 2791 paucissimis
1734 2703 1922 2790 lenibusque
1939 2703 2170 2791 discrepantiis
2182 2705 2253 2773 dis-
2381 2735 2382 2740 ¹

488 2818 600 2888 cedas.
643 2823 793 2892 zendica
813 2825 977 2911 scriptura
998 2825 1127 2891 omnino
1149 2840 1213 2887 uun
1233 2821 1340 2906 magis
1361 2819 1470 2887 differt
1489 2841 1511 2890 a
1531 2819 1699 2910 Pehluica,
1719 2839 1814 2908 quum
1836 2817 2008 2888 Graecae
2030 2820 2162 2890 Graeca
2181 2823 2254 2892 aliis

488 2937 522 3004 in
543 2935 645 3006 MSS.
668 2941 773 3008 obuia.
815 2943 922 3009 Nema
943 2940 1059 3008 literas
1081 2939 1229 3007 Graecas
1249 2938 1284 3005 in
1305 2938 1441 3026 papyris
1462 2937 1679 3025 Aegyptiacis
1700 2937 1816 3006 obuias
1836 2956 1896 3025 pru
1918 2938 2059 3005 diuersis
2081 2939 2256 3009 habebita

487 3053 603 3122 literis
617 3073 648 3122 e.
666 3077 700 3143 g.
721 3057 796 3125 MS.
828 3057 1018 3145 Byzantini.
1060 3057 1132 3126 iam
1152 3056 1380 3126 conuenientia
1394 3056 1579 3144 scripturae
1594 3055 1823 3143 Nauporsicue
1844 3073 1915 3124 cum
1935 3055 2083 3124 Zendioa
2102 3057 2253 3125 etPehl-
2380 3099 2381 3140 ,

488 3170 564 3240 vica
584 3173 729 3242 cernitur
749 3175 952 3262 potissimum
972 3176 1006 3242 in
1026 3175 1090 3244 his.

639 3303 973 3400 amnemamnem
990 3309 1128 3401 Persae,
1139 3309 1186 3379 ita
1200 3309 1300 3379 Parsi
1312 3327 1439 3400 quoque
1457 3305 1746 3378 adextra'versns
1756 3305 1924 3377 sinistram
1937 3307 2053 3378 literas
2067 3316 2255 3380 exararunt.
2379 3413 2380 3418 Ἰ

640 3438 691 3528 4)
720 3442 878 3512 Pehluica
902 3450 939 3512 et
964 3442 1113 3510 zendioa
1140 3444 1302 3529 scriptura
1329 3443 1454 3528 pariter
1481 3447 1582 3529 atum
1610 3438 1748 3509 Persica
1778 3443 1926 3510 continet
1945 3443 2061 3512 literas
2080 3442 2197 3512 finales
2219 3450 2255 3514 et
2379 3529 2380 3548 χ

489 3554 631 3622 initiales
653 3575 716 3623 nec
737 3575 803 3623 nun
823 3555 994 3643 mediales,
1015 3557 1134 3643 quippe
1155 3575 1200 3622 ex
1221 3557 1446 3624 coniunctione
1475 3557 1614 3642 plurium
1636 3557 1800 3624 literarum
1831 3565 1940 3648 umas,
1969 3561 2021 3628 vii
2051 3574 2072 3650 g
2100 3579 2152 3614 -··=
2182 3585 2256 3660 μ,
2379 3589 2380 3649 p

489 3687 588 3756 με
613 3695 702 3768 pp,
727 3634 752 3724 5
775 3689 828 3722 =
851 3659 891 3748 b,
913 3668 999 3757 quud
1019 3670 1240 3758 compendium
1260 3670 1368 3759 Persi,
1388 3677 1478 3738 testo
1491 3671 1683 3758 Niebuhriu,
1698 3670 1825 3738 diserte
1852 3673 2020 3760 tmuept
2038 3679 2257 3767 appellarunt.

642 3784 691 3880 u)
711 3785 842 3856 Persae
862 3785 988 3874 pariter
1008 3793 1107 3875 atque
1129 3788 1225 3856 Pausi
1246 3794 1367 3877 puncta
1388 3785 1558 3854 diacriticu
1582 3786 1799 3855 adhibuerunt
1826 3788 1869 3857 ad
1890 3790 2004 3860 literas
2025 3796 2152 3866 similes
2172 3798 2261 3866 inter

490 3903 1019 3997 sadtscemenduaaetuttiuu
1043 3923 1095 3956 =
1134 3945 1168 4006 ·,
1197 3899 1212 3964 3
1237 3925 1289 3958 =
1316 3898 1395 3989 ἧς
1421 3924 1472 3958 =
1496 3884 1571 4015 >ai
1596 3923 1650 3959 =
1673 3932 1723 4031 e,
1749 3917 1766 3984 ε
1789 3923 1842 3958 ··-·-··
1868 3899 1965 3996 ΨΒ
1991 3929 2044 3962 =
2071 3893 2263 4010 ³5,st
2378 3921 2379 3955 l

492 4057 541 4118 ω,
559 4015 597 4080 du
620 4042 674 4077 =
699 4026 759 4116 ⁰¹⁶¹·
803 4023 868 4092 nis
888 4021 1047 4092 accedunt
1066 4022 1182 4094 literae
1203 3995 1225 4094 b
1249 3987 1277 4095 b
1301 4035 1319 4097 a
1344 4039 1362 4108 p
1386 4034 1432 4101 υ,
1453 4040 1538 4112 quae
1572 4025 1777 4112 respondere
1809 3995 1963 4098 ridentur
1996 4024 2117 4096 Culicis
2147 4030 2263 4102 literis

489 4164 610 4241 punctu
637 4156 806 4229 diacriticu
836 4158 943 4227 ancha
969 4158 1020 4224 vti
1053 4173 1090 4242 ,5
1118 4195 1149 4274 τ.
1179 4163 1279 4246 atque
1311 4156 1459 4226 Persicis
1481 4179 1530 4276 φρ,
1552 4133 1586 4265 7⁹.
2377 4241 2378 4261 χ

642 4289 691 4382 u)
714 4292 986 4376 Quemadmodum
1008 4290 1146 4360 Persica
1167 4293 1329 4378 scriptura
1351 4288 1404 4358 36
1425 4259 1531 4360 literis
1552 4299 1694 4386 maslai,
1713 4295 1761 4364 ita
1782 4295 1933 4364 Zendica
1953 4307 2078 4382 quoque
2098 4295 2135 4357 et
2149 4289 2265 4364 Pohl-
2350 4348 2357 4369 ,

491 4402 582 4484 vica,
601 4406 748 4475 nimirum
769 4407 821 4476 23
843 4409 994 4496 genuinis
1014 4415 1113 4496 atque
1138 4408 1189 4475 13
1211 4407 1398 4477 diacriticis.
1441 4409 1643 4478 Diaoriticao
1665 4413 1750 4480 enim
1771 4412 1945 4480 Persarum
1966 4413 2115 4476 veterum
2136 4409 2262 4483 literae

490 4520 643 4590 differunt
663 4543 684 4592 a
704 4526 852 4612 genuinis
874 4527 1048 4613 praecipue
1069 4525 1212 4613 circellu,
1235 4528 1327 4594 cuius
1348 4527 1419 4594 lucu
1440 4527 1645 4622 ¹lieupersioe
1665 4533 1786 4617 puncta
1806 4527 2012 4594 adhibentur.
2055 4521 2263 4616 Ceteroquin

447 4713 452 4720 ,
488 4637 587 4706 litera
601 4643 740 4727 squaeuis
760 4641 1131 4709 diacritioasimillimum
1146 4643 1307 4728 genuinae
1327 4664 1407 4713 suae
1426 4645 1571 4732 speciem
1591 4646 1739 4734 praebet,
1756 4643 1806 4710 vti
1820 4659 1981 4731 aaa?
1994 4657 2083 4744 nm
2119 4661 2194 4761 Ξ)
2223 4683 2258 4752 >⁸

490 4753 674 4825 Praeterea
694 4758 1082 4845 alphabetumPursicnm
1092 4759 1215 4846 gaudet
1227 4760 1449 4849 adhchliteris
1461 4760 1654 4848 reliquorum
1666 4761 1734 4828 tere
1746 4759 1882 4828 omnium
1892 4758 2032 4846 perditis
2054 4775 2094 4832 rb
2121 4759 2157 4822 et
2185 4777 2256 4850 ῃ

490 4887 575 4957 qnae
595 4873 692 4942 etiam
712 4875 747 4940 in
770 4869 879 4942 canoa
900 4874 1062 4963 scriptura
1083 4878 1286 4964 reperiuntur
1308 4894 1413 4965 neque
1434 4883 1512 4943 suut
1532 4877 1655 4948 turmae
1676 4877 1791 4944 literae
1807 4899 1853 4977 l?
1894 4875 1959 4945 liis
1975 4875 2102 4965 quidem
2124 4873 2177 4944 36
2202 4879 2258 4947 vel

489 4982 544 5054 38
566 4987 743 5060 Parsurum
762 4989 869 5059 literis
888 4991 1041 5078 genuinis
1060 4993 1265 5062 amnuerari
1284 5011 1350 5062 uun
1370 4991 1491 5061 debent
1512 4991 1713 5082 compendia,
1733 4991 1783 5060 vti
1810 5007 1839 5082 ,u
1872 4990 1908 5058 ot
1938 5008 1995 5085 pu,
2021 4999 2121 5084 atque
2151 5013 2256 5082 purae
