4796 6106
1656 452 1677 490 ’ί

933 577 1177 656 ...75-

161 786 230 852 stur
249 780 335 852 enin
355 797 400 850 ex
420 777 586 852 codicibus
607 773 729 848 (iudeis
748 793 783 847 v.
805 793 834 848 c
854 775 1099 868 hlrehuhrianis,
1123 813 1180 865 Δ,
1205 775 1241 840 et
1268 803 1305 864 χ
1319 795 1386 847 non
1398 777 1501 851 solum
1520 781 1925 876 eumliteuispraaoedan.

159 900 248 968 tihns
269 899 429 988 coniungi,
449 898 513 967 sed
533 898 631 966 etiam
652 896 791 964 seorsim
812 901 912 986 atque
931 896 1103 965 seiunctim
1123 896 1303 985 mediisque
1324 897 1358 965 in
1379 899 1549 967 vocabulis
1569 903 1715 990 reperiri
1757 905 1924 978 Alisonem

159 1023 269 1086 moen
289 1017 375 1085 foret
394 1015 543 1100 credem,
563 1013 752 1084 hasliteras
772 1033 839 1082 non
859 1032 938 1082 esse
959 1014 1024 1082 nisi
1053 1015 1226 1084 variantes
1252 1015 1435 1102 superfluas
1455 1015 1573 1085 literae
1596 1042 1631 1127 t.⁵
1654 1019 1726 1090 sine
1751 1049 1802 1113 ,1,
1840 1042 1924 1112 qua·

158 1152 233 1202 cum
252 1135 330 1202 illae
350 1133 430 1201 nihil
451 1151 534 1200 sane
554 1131 677 1200 hahent
697 1130 926 1200 similitudinis.
970 1130 1065 1215 Quod
1086 1151 1168 1201 vero
1189 1132 1306 1200 literas
1325 1130 1501 1202 Persarum
1521 1135 1635 1205 ultimo
1654 1138 1727 1206 loco
1749 1140 1856 1209 dictas
1869 1147 1924 1208 at·

158 1251 254 1340 tinet,
273 1250 521 1336 memorandum,
542 1248 718 1337 alphabeta
738 1254 879 1336 cognata
899 1253 975 1335 post
996 1270 1037 1315 co
1061 1253 1086 1314 ll
1107 1249 1262 1318 hahuisse
1283 1247 1431 1316 vocalem
1455 1267 1490 1337 u,
1518 1252 1638 1339 quippe
1664 1254 1854 1324 Latinorum
1883 1253 1923 1335 V,

158 1365 357 1436 Graecorum
379 1367 415 1454 Y,
429 1366 597 1435 Persicum
618 1349 743 1454 »ΥΕ
786 1365 902 1456 ltaque
922 1365 1019 1436 lacile
1038 1365 1113 1450 erit,
1134 1365 1278 1453 reliquus
1298 1364 1465 1434 Zendioas
1485 1373 1521 1435 et
1549 1367 1725 1440 Pehluicas
1745 1373 1864 1441 literas
1884 1373 1920 1440 in

157 1483 306 1554 ordinem
325 1484 499 1570 genuinum
519 1483 683 1572 redigere.

309 1631 349 1689 ee
374 1631 414 1674 uu
435 1633 458 1708 p
482 1636 536 1670 =
563 1645 600 1703 ,ς
631 1640 661 1698 q.
708 1613 842 1686 Etenim
869 1614 1050 1684 Zendicnm
1077 1631 1117 1690 to
1137 1615 1246 1685 sonuit
1266 1617 1280 1684 i
1304 1615 1480 1686 secundnm
1507 1618 1676 1711 Anquettl,
1701 1621 1922 1710 ysecundum

154 1732 262 1825 Bopp,
281 1752 303 1801 e
322 1734 502 1803 secundum
520 1735 614 1802 alios.
656 1734 824 1804 Facillime
846 1732 975 1822 quidem
995 1752 1015 1801 e
1035 1735 1104 1802 abit
1123 1735 1156 1804 in
1177 1735 1203 1823 i,
1223 1740 1263 1803 vt
1282 1734 1386 1824 ipsum
1407 1759 1428 1815 q
1450 1733 1648 1806 Graecorum
1662 1737 1769 1808 docet
1811 1738 1921 1807 Prae·

153 1858 249 1918 terea
269 1856 363 1939 patet
384 1866 433 1932 eo,
455 1850 647 1936 praesertim
668 1851 881 1939 Niebuhrhp
907 1871 960 1903 =
984 1865 1024 1922 eo
1044 1851 1161 1922 hterae
1182 1851 1314 1921 Cuticae
1339 1881 1375 1938 ς
1395 1862 1494 1942 atque
1518 1851 1655 1922 Persico
1678 1880 1715 1945 ις
1742 1855 1921 1926 simillimas

154 1984 245 2036 esse.
305 1966 495 2034 Pehluicum
523 1982 578 2058 eo,
599 1967 684 2056 qnod
705 1968 863 2056 Anqnetil
884 1987 948 2036 non
970 1974 1137 2057 memoret,
1157 1987 1179 2035 a
1200 1969 1334 2038 Wohlie
1355 1973 1498 2038 ahenum
1553 1973 1654 2040 Forte
1683 1971 1863 2061 Anquetilii
1883 1987 1919 2063 p,

153 2085 243 2174 qnod
262 2084 319 2154 ille
339 2102 400 2173 pro
421 2083 445 2152 h
465 2084 586 2177 hahuit,
605 2085 785 2174 respondet
805 2084 953 2153 zendieo
974 2100 1014 2158 pe
1035 2085 1209 2172 praecipue
1228 2084 1453 2155 Niebuhriono
1474 2102 1497 2177 p
1522 2107 1575 2141 =
1602 2116 1650 2174 χ.

157 2275 160 2283 ·
304 2245 357 2319 ζ
379 2245 497 2319 ug=
514 2269 663 2323 ΜΨ.
726 2237 766 2304 ln
794 2236 905 2305 ocolus
931 2235 1018 2304 enim
1043 2233 1187 2316 incurrit,
1208 2232 1350 2302 tintcum
1374 2271 1446 2325 k,
1467 2256 1490 2305 a
1510 2255 1572 2326 qno
1593 2234 1764 2306 Persicum
1783 2249 1920 2326 :fuco

150 2351 201 2420 ita
221 2350 355 2417 multum
376 2350 495 2440 differt,
516 2351 676 2439 quadrare
697 2352 846 2419 zendioo
874 2361 945 2441 ζ,
964 2350 1051 2439 qnod
1072 2350 1226 2438 Anquetil
1247 2356 1283 2418 et
1302 2351 1419 2438 reliqui
1438 2354 1462 2441 i,
1483 2373 1507 2442 q
1529 2354 1750 2441 pronunciant.
1814 2352 1920 2449 l’ehl·

150 2467 259 2538 vicum
279 2479 330 2552 ε,
352 2467 443 2535 solus
465 2469 580 2558 Wahl,
600 2469 715 2536 nescio
736 2469 853 2556 quihus
873 2487 918 2536 ex
938 2469 1021 2536 locis
1042 2466 1163 2556 attulit,
1183 2465 1267 2535 iorte
1288 2485 1332 2536 ex
1358 2467 1645 2538 dissertationibus
1670 2470 1838 2557 Anquetili
1858 2488 1918 2540 se·

151 2584 300 2654 rioribus
345 2583 427 2652 Vtut
447 2583 504 2676 sit,
525 2586 628 2655 claret
649 2585 732 2654 dues
753 2585 814 2653 has
834 2584 950 2652 literas
979 2599 1019 2657 eo
1045 2583 1079 2646 et
1101 2595 1154 2669 u:
1188 2583 1392 2671 respondere
1423 2584 1575 2668 Persicis,
1597 2591 1697 2674 atque
1731 2582 1852 2655 coicis
1882 2613 1920 2674 χ

149 2699 188 2762 et
218 2721 293 2790 kq
314 2717 408 2786 quae,
429 2700 506 2768 ticet
524 2701 636 2769 multis
657 2701 843 2788 alphabetis
864 2700 1058 2791 exciderint,
1078 2701 1170 2770 initio
1191 2701 1296 2769 locum
1317 2701 1499 2770 hahuerunt
1526 2702 1645 2772 interl
1671 2701 1705 2764 et
1729 2707 1769 2791 tl,
1795 2709 1836 2774 vt
1865 2703 1919 2772 ul·

148 2817 296 2902 phaheta
321 2816 538 2904 Aegyptium,
563 2818 1064 2907 Graecum,1ndicumdocent
1127 2817 1239 2888 Etiam
1260 2817 1460 2890 Graecorum
1479 2828 1510 2887 at
1533 2818 1729 2908 Delphicum
1749 2819 1814 2891 huc
1836 2839 1919 2911 spe·

149 2937 244 3002 ctare
263 2931 405 3001 videtur.

303 3043 436 3151 bip:
461 3077 497 3148 V
518 3081 554 3150 Y.
606 3047 1211 3176 henricumh,aquuh1tiebunrio
1238 3085 1502 3171 coappellatum
1532 3084 1603 3153 rulo
1630 3089 1768 3153 accentu
1797 3085 1920 3177 differt,

151 3197 418 3286 quemadmodum
438 3212 568 3289 ὀπῆς
593 3204 608 3269 i
636 3201 696 3270 ahs
723 3214 812 3273 o==
833 3202 847 3267 i
870 3225 924 3308 ς,
955 3199 1184 3289 pronunciatur
1208 3236 1228 3298 ‚
1257 3217 1279 3263 o
1305 3199 1347 3266 ah
1374 3199 1543 3287 Anqnetil,
1571 3199 1733 3288 timont,
1756 3205 1868 3295 Boppq
1895 3219 1919 3272 o
1955 3193 1962 3204 ’

148 3313 330 3384 churdinio
350 3333 432 3385 vero
455 3335 509 3384 acu
525 3354 559 3416 7,
579 3336 600 3385 a
620 3318 748 3386 Raskio
768 3337 810 3386 rc.
852 3319 1035 3386 Praeterea
1054 3317 1168 3402 negari
1188 3315 1313 3404 nequit,
1331 3321 1504 3402 utrumqne
1517 3314 1653 3398 litorum,
1672 3315 1823 3403 sipanllo
1837 3317 1918 3386 hre-

13 3401 16 3454 4
145 3431 426 3515 admouerentur,
440 3434 491 3503 sic
511 3433 533 3490 (t
557 3430 591 3525 ir,
609 3436 741 3504 multum
760 3433 978 3502 nmilitnrhnis
999 3433 1120 3500 hahere
1141 3451 1214 3500 cum
1234 3431 1368 3517 antiquo
1390 3431 1579 3498 Latinorum
1595 3437 1634 3500 et
1656 3428 1855 3502 Graecorum
1882 3431 1918 3500 V

147 3556 185 3620 et
214 3551 249 3616 ll.
291 3549 469 3620 Pehtuicus
488 3551 605 3622 literas
623 3551 784 3622 zendirh
805 3514 828 3608 (r
852 3549 887 3612 et
911 3513 934 3620 4
958 3548 1083 3616 similer
1108 3552 1267 3616 memorat
1293 3545 1417 3636 Wahl,
1443 3547 1506 3613 inno
1534 3547 1641 3632 signis
1672 3545 1708 3614 V
1722 3552 1759 3614 et
1786 3546 1917 3618 Yadeo

146 3666 336 3736 similiores

300 3782 329 3870 Q
352 3781 381 3886 ir
404 3807 448 3876 os
456 3845 501 3876 =
530 3801 562 3886 V
591 3803 628 3886 Ῠ.
669 3817 767 3886 Haud
788 3817 885 3886 duhie
905 3815 991 3886 enim
1012 3813 1180 3884 diceritica
1199 3813 1296 3882 litera
1316 3830 1376 3899 pro
1396 3779 1420 3867 G
1444 3810 1499 3872 est
1521 3776 1566 3901 h,
1586 3827 1681 3899 quum
1700 3778 1917 3902 hpnecipue

146 3927 283 3999 circello
311 3929 440 3998 diderat
467 3897 542 4000 ait·
599 3935 757 4000 Nimirum
784 3935 924 4002 lineolae
952 3901 1199 4019 &respondent
1217 3895 1362 3995 tineosi
1387 3921 1420 3987 in
1445 3894 1483 3989 ir.
1525 3925 1620 4011 Quot
1641 3895 1669 3999 it
1690 3929 1819 4013 attinet,
1842 3930 1916 3998 cla·

144 4053 203 4117 ret
223 4051 390 4115 accentum
410 4048 596 4117 accessisse
616 4051 713 4139 inira,
733 4049 784 4117 vti
802 4051 837 4118 iu
858 4065 875 4123 r
902 4070 962 4137 pro
981 4061 1010 4138 Δ,
1030 4053 1129 4134 utque
1148 4046 1183 4111 in
1204 4012 1226 4115 (2
1253 4065 1313 4132 pro
1335 4006 1365 4110 Β.
1409 4042 1561 4111 Ceterum
1581 4038 1624 4104 off
1627 4045 1725 4133 plane
1736 4044 1917 4132 respondet

144 4165 266 4234 literae
287 4128 325 4244 h,
347 4163 378 4229 si
399 4163 598 4232 discesseris
621 4182 642 4231 a
663 4165 792 4233 circello
814 4165 1097 4253 diacritico,qnem
1111 4177 1169 4250 pro
1191 4166 1329 4229 accentu
1350 4159 1568 4228 adiunxerant
1589 4159 1696 4226 Persi
1716 4159 1802 4228 ilinc
1816 4159 1916 4232 Persi

13 4307 15 4358 ὴ
146 4245 312 4368 (tpariter
325 4283 425 4366 atque
444 4272 487 4339 ω’
499 4281 705 4369 appellarunt
724 4299 769 4347 na
790 4285 880 4348 teste
899 4279 1088 4349 Niebuhrio.
1130 4279 1199 4346 lam
1220 4277 1591 4366 quodpolaeographice
1610 4277 1915 4370 demonstrauimus,

147 4363 177 4454 h
199 4363 273 4467 laet
287 4387 330 4457 os
352 4397 467 4466 ruas
491 4397 606 4466 utem
632 4397 800 4464 nemum
827 4360 850 4454 h
874 4360 948 4469 eti
967 4396 1164 4485 truncas,
1183 4393 1218 4462 u
1238 4395 1517 4482 grammaticorum
1539 4393 1671 4491 puseus
1697 4392 1913 4463 adornatur.

13 4593 15 4628 ]
148 4507 282 4582 uuum
301 4518 392 4582 teste
412 4514 570 4602 Anquetil
590 4511 687 4580 Persi
708 4511 960 4600 pronunciamnt
980 4480 1008 4571 h
1032 4513 1082 4584 vti
1108 4530 1128 4579 o
1139 4558 1150 4598 ,
1183 4516 1282 4599 atque
1309 4478 1337 4583 ir
1362 4512 1411 4580 vti
1439 4511 1478 4598 d,
1505 4511 1540 4578 in
1568 4509 1747 4578 Kermania
1775 4527 1856 4578 vero
1876 4520 1913 4579 u·

13 4859 18 4974 l

13 4993 14 5002 ¹
148 4942 297 5067 ieci,
324 4997 420 5066 quum
446 4982 516 5054 sint
541 4981 877 5054 mendaciores
907 4945 1070 5070 prossoi

149 4623 263 4695 litium
281 4633 375 4719 Bopp
396 4595 688 4719 demonstrauit&
710 4630 898 4718 plerumque
916 4627 1029 4697 Indico
1054 4647 1098 4718 u,
1124 4631 1230 4698 rarius
1259 4645 1281 4696 o
1309 4627 1523 4716 respondere.
1577 4625 1748 4696 -Ceterum
1774 4631 1915 4716 conatui,

149 4744 297 4813 umuhus
316 4745 350 4814 in
369 4747 489 4835 linguis
509 4747 651 4838 antiquis
670 4767 702 4816 to
722 4766 781 4836 pro
801 4765 827 4814 u
847 4746 995 4816 adhiberi
1015 4752 1114 4836 atque
1134 4745 1284 4814 lachlime
1302 4763 1328 4812 u
1348 4745 1384 4813 in
1404 4763 1425 4812 o
1446 4745 1546 4813 ubire.
1568 4739 1629 4813 Sic
1655 4744 1729 4832 ipse
1755 4741 1913 4831 Anquetil

148 4875 161 4922 t
190 4877 244 4914 ==
272 4899 313 4963 5,
334 4863 420 4950 quod
439 4866 586 4954 plerique
607 4883 679 4934 cnm
699 4863 826 4951 Bnppio
844 4881 870 4932 u
889 4863 1116 5052 pronunciantp
1135 4883 1194 4951 pro
1221 4861 1399 4949 caccepit
1461 4861 1577 4949 ltaque
1597 4860 1707 4929 muari
1732 4877 1797 4928 uon
1824 4857 1915 4946 licet,

1142 5005 1186 5044 =
1210 4997 1244 5067 o,
1273 4999 1315 5067 ro,
1342 4977 1467 5068 passim
1493 4975 1714 5124 oppppisse,
1737 4971 1782 5042 ad
1808 4973 1915 5046 instar
