4774 6104
506 788 549 868 Λ
561 789 633 840 cum
645 777 682 858 a,
700 743 746 864 ji
762 785 834 836 cum
848 779 885 857 tu,
900 747 938 861 λ
955 783 1027 834 cum
1041 779 1065 855 r,
1091 767 1146 860 l-lj
1159 779 1232 832 cum
1244 779 1269 836 tt
1282 776 1318 839 et
1338 767 1390 838 sic
1409 787 1517 858 porro.
1563 763 1670 852 Quam
1691 763 1816 836 similes
1843 763 1968 835 numeri
1989 761 2148 852 Aegyptii
2168 761 2287 832 Phoe-

506 896 633 964 nicibus
654 893 776 961 luerint
803 890 921 960 doceat
949 891 1033 957 Tab.
1066 887 1121 954 111
1145 888 1317 978 adiuncta,
1346 907 1389 957 ex
1416 906 1481 976 qua
1501 904 1566 955 non
1587 887 1662 954 sine
1689 884 1907 954 admiratione
1934 882 2163 972 perspicietur,
2188 901 2288 971 quam

508 1029 635 1097 similes
655 1028 723 1095 siut
751 1025 925 1093 etiamnum
953 1043 984 1092 e.
1014 991 1175 1112 3.άῇ
1207 1023 1242 1084 ei
1273 1017 1308 1125 ‘p
1347 1021 1402 1116 “Z
1428 1000 1474 1112 m
1502 1020 1535 1083 ⁰⁶
1560 1016 1610 1126 ‘ilo
1641 1019 1732 1110 l'll't
1759 1027 1800 1106 Λ
1823 1016 1858 1079 ⁰*
1893 1002 1940 1096 ht
1969 972 2090 1102 gaii
2114 1011 2168 1095 0,
2199 1017 2281 1104 97

509 1146 544 1212 et
570 1144 611 1248 q·
656 1144 753 1211 Alias
773 1143 888 1210 literas
909 1141 1100 1210 Phoeniciis
1121 1141 1338 1210 absimiliores
1359 1159 1449 1231 esse,
1478 1138 1513 1207 id
1541 1137 1671 1226 quidem
1691 1155 1803 1225 parom
1824 1135 1960 1226 probat,
1980 1133 2191 1223 alphabetum
2211 1133 2288 1204 Ae-

512 1263 658 1352 gyptium
679 1279 701 1326 a
722 1257 899 1326 chaldaico
922 1259 1079 1346 originem
1101 1276 1168 1326 non
1190 1257 1322 1327 habere.

663 1374 700 1442 e.
745 1373 812 1443 em
831 1376 932 1442 eliam
960 1373 1080 1463 obstat,
1103 1373 1243 1462 inquies,
1263 1375 1354 1462 quod
1372 1373 1637 1463 hieroglyphice,
1660 1391 1685 1440 u
1705 1369 1824 1460 mribus
1844 1369 1980 1440 muneri
2004 1369 2165 1458 Aegyptii
2190 1369 2287 1438 deri-

509 1498 656 1582 vantur,
679 1513 805 1582 porrum
830 1492 1035 1580 respondent
1056 1491 1328 1580 hieroglyphicia,
1350 1493 1527 1560 literarum
1559 1491 1826 1558 chaldaicorum
1844 1488 2010 1577 protppia.
2054 1484 2147 1556 Saue
2167 1485 2286 1556 literae

510 1613 710 1681 Phoeniciae
731 1631 771 1679 ac
792 1609 937 1697 reliquae
959 1607 1136 1682 Semiticae
1155 1630 1264 1680 rerum
1284 1610 1415 1680 uomina
1434 1615 1564 1698 gerunt,
1585 1627 1719 1696 quarum
1739 1607 1900 1694 imagines
1920 1605 1999 1695 sint,
2018 1603 2287 1694 quemadmodum

509 1730 746 1818 Aegyptiorum
775 1727 1036 1820 hieroglyphice,
1074 1735 1173 1816 utque
1201 1729 1277 1797 hinc
1306 1747 1334 1797 e
1361 1750 1393 1816 g.
1426 1711 1565 1796 i=sN
1575 1733 1741 1815 mauus,.'t
1766 1703 1873 1812 ΞΥ
1903 1723 1981 1792 vola
2008 1723 2190 1809 comparari
2218 1741 2285 1790 nun

510 1847 654 1916 debeant
676 1866 748 1914 cum
769 1844 909 1913 brachiis
931 1844 1196 1933 hieroglyphicis.
1240 1847 1288 1914 rlt
1308 1864 1390 1914 vero
1411 1842 1639 1934 conitendum,
1659 1843 1829 1910 multarum
1850 1842 2013 1910 literarum
2034 1839 2285 1908 Phoeniciamm

510 1965 642 2034 nomina
671 1967 706 2029 et
733 1961 854 2048 ligurus
882 1979 1055 2051 perperam
1079 1961 1246 2031 intellecta
1272 1963 1393 2052 luisse,
1420 1963 1570 2050 quoniam
1596 1959 1765 2048 alphabeti
1793 1958 1928 2048 genuini
1949 1957 2139 2046 principium
2167 1975 2208 2024 ac
2228 1957 2284 2026 lex

512 2099 636 2147 summa
657 2079 763 2146 adhuc
784 2079 938 2147 latebant
983 2076 1047 2162 Qui
1068 2079 1230 2148 hedenus
1250 2079 1379 2148 nomina
1405 2087 1506 2168 atque
1534 2077 1694 2166 imagines
1722 2078 1888 2144 literarum
1908 2075 2071 2162 genuinas
2099 2073 2284 2161 inuestiga-

510 2203 598 2284 mut,
619 2214 732 2267 omnes
753 2202 971 2284 respexerunt
992 2196 1035 2263 ad
1057 2215 1113 2264 res
1135 2215 1179 2264 ex
1199 2197 1269 2266 vita
1290 2197 1418 2285 vulgari
1439 2197 1570 2284 petitas.
1620 2193 1805 2283 Respicere
1824 2197 1934 2259 autem
1961 2189 2153 2259 debuissent
2172 2193 2284 2278 potius

510 2313 553 2381 ad
576 2333 632 2381 res
653 2315 723 2381 vita
744 2332 872 2400 usuque
893 2313 1067 2382 venientes
1089 2332 1216 2382 sacras.
1264 2312 1381 2383 Sacris
1407 2315 1493 2381 enim
1522 2332 1562 2380 ac
1588 2312 1707 2380 diuinis
1735 2310 1929 2396 imaginibus
1955 2306 2046 2375 initio
2073 2305 2284 2396 alphabetum

510 2429 573 2498 fult
594 2430 798 2528 instructum,
819 2429 938 2517 quippe
958 2430 1068 2516 rebus,
1089 2430 1231 2498 utullus
1253 2429 1521 2516 demonstratum,
1542 2429 1637 2497 ideas
1670 2429 1845 2514 religiosas
1873 2424 2123 2494 continentibus.
2185 2421 2285 2506 Quod

510 2545 591 2612 item
618 2545 710 2613 uiolet
740 2543 782 2610 de
808 2545 917 2611 literis
944 2545 1182 2633 Aegyptiorum
1213 2547 1376 2638 genuinis,
1404 2547 1523 2634 quippe
1548 2545 1810 2633 hieroglyphicis.
1865 2543 1954 2611 Hinc
1984 2543 2072 2610 enim
2099 2544 2282 2630 scripturae

512 2663 793 2750 ἱερο-γλυφικης
814 2680 928 2730 nomen
949 2669 1054 2729 orium
1082 2669 1145 2732 eet.
1194 2664 1281 2733 Hinc
1309 2663 1477 2732 dicebatur
1503 2663 1614 2732 Thoti
1641 2663 1714 2731 siue
1743 2662 1852 2730 Taeut
1877 2660 2047 2730 inuenisse
2074 2684 2153 2739 τους
2179 2665 2282 2747 iepoue

512 2801 578 2846 tow
598 2801 746 2858 ςοικειων
763 2801 981 2864 χαρακτηρας.
1023 2780 1110 2848 ilinc
1131 2779 1276 2871 traditio,
1295 2783 1410 2850 literas
1431 2781 1600 2850 desumtas
1630 2799 1709 2850 case
1738 2780 1842 2868 coelo,
1862 2778 1989 2847 scilicet
2010 2775 2143 2845 zodiaci
2164 2776 2280 2862 signis,

514 2895 646 2964 deorum
667 2894 849 2985 domiciliis,
860 2897 1052 2988 segmentis,
1065 2899 1206 2988 inquam,
1222 2899 1338 2985 viginti
1356 2906 1495 2988 quatuor
1507 2899 1741 2988 nodiaci,quos
1763 2895 2035 2966 Sanclruniathou
2049 2893 2169 2962 ibidem
2190 2891 2282 2980 ὄψεις

513 3003 634 3100 (nite)
666 3011 756 3078 econ
783 3014 939 3101 appellat.
982 3015 1069 3080 ilinc
1097 3013 1342 3103 hieroglyphice
1373 3018 1469 3103 signa
1494 3021 1571 3084 suut
1598 3015 1759 3102 imagines
1793 3014 1926 3084 deorum
1953 3019 2053 3102 atque
2082 3029 2190 3080 rerum
2216 3009 2280 3076 diis

511 3133 787 3196 consecratarum.
829 3128 946 3218 ltaque
967 3131 1128 3219 cernitur,
1151 3150 1246 3220 quam
1267 3134 1373 3222 legem
1400 3135 1530 3200 omnino
1551 3138 1666 3203 auctor
1687 3132 1854 3224 alphabeti
1883 3137 2019 3200 secutus
2039 3128 2138 3198 tuerit
2163 3127 2280 3216 literis,

511 3249 552 3312 vt
571 3242 840 3312 Sanchuniathon
860 3247 919 3336 ait,
939 3245 1143 3334 erogemus
1186 3248 1325 3319 Scilicet
1351 3251 1533 3319 diuiserunt
1560 3255 1663 3318 totam
1688 3267 1794 3316 rerum
1814 3256 1963 3318 naturam
1992 3247 2143 3335 exemplo
2164 3243 2282 3334 plauc-

512 3365 617 3428 iarum
645 3365 790 3452 septem,
815 3369 854 3430 vt
874 3368 1011 3432 veteres
1031 3365 1173 3455 trudunt,
1192 3371 1320 3452 septem
1341 3368 1374 3435 iu
1396 3368 1538 3453 classes,
1559 3385 1691 3460 quarum
1712 3365 1815 3433 uultis
1836 3366 2002 3454 planetam
2024 3366 2281 3456 praeponerent,
2370 3441 2371 3478 1

513 3483 676 3564 tamquam
696 3475 812 3545 ducem
832 3477 971 3548 ducatus
992 3483 1057 3548 sui.
1099 3480 1169 3550 lam
1183 3482 1317 3550 eosdem
1334 3485 1422 3552 inter
1441 3485 1594 3571 planetas
1616 3483 1796 3552 diuiserunt
1817 3502 1945 3577 quoque
1957 3483 2095 3553 zodiaci
2107 3484 2281 3567 segmenta
2370 3519 2371 3600 ,

515 3591 684 3661 duodecim
704 3595 838 3682 puriter,
857 3601 957 3684 atque
977 3598 1096 3683 viginti
1117 3605 1253 3687 quatuor
1273 3599 1340 3687 illa,
1360 3599 1402 3667 ad
1424 3618 1509 3687 quae
1529 3600 1638 3667 Taaut
1657 3600 1795 3666 relerret
1816 3599 2031 3687 alphabetum
2075 3600 2207 3667 hiteras
2228 3595 2280 3664 ul·

514 3708 649 3797 phabeti
669 3727 760 3798 vero,
780 3712 867 3783 inter
888 3713 1038 3800 planetas
1059 3715 1137 3782 item
1158 3713 1292 3806 diuisas,
1313 3721 1552 3802 expresserunt
1571 3732 1679 3781 rerum
1699 3714 1891 3800 imaginibus
1913 3735 2035 3808 earum,
2056 3735 2141 3809 quae
2163 3716 2282 3804 plane-

515 3831 582 3915 tae,
605 3826 717 3893 literas
739 3831 849 3894 certas
869 3828 1027 3913 ducentis,
1047 3831 1090 3900 ad
1112 3831 1261 3900 ducatum
1282 3833 1497 3921 pertinerent.
1541 3832 1753 3900 Plauetarum
1772 3830 1902 3919 quidem
1923 3833 2124 3922 siugrdorum
2145 3830 2283 3900 ducatus

515 3949 612 4012 erant
632 3961 688 4011 res
709 3962 781 4032 eae,
801 3963 884 4033 quae
905 3949 1079 4016 virtutihus
1099 3949 1252 4046 planetae
1273 3969 1353 4038 prae
1375 3950 1496 4018 ceteris
1521 3950 1744 4018 sconenberc
1807 3947 1867 4018 Sic
1887 3951 1983 4044 i'oera
2007 3971 2029 4016 r
2053 3941 2137 4033 [clii
2163 3935 2282 4030 capul]

515 4061 660 4148 pertinet
680 4061 723 4129 ad
744 4059 894 4130 ducatum
914 4067 970 4134 vel
999 4075 1202 4153 segmentum
1232 4067 1400 4137 rodiacale
1427 4065 1537 4155 Solis,
1557 4065 1711 4154 planetae
1731 4067 1886 4160 primarii,
1906 4070 1958 4138 cui
1979 4072 2087 4156 caput,
2106 4065 2287 4134 membrum

515 4178 661 4264 corporis
682 4179 876 4272 primarium,
896 4185 1058 4252 conuenit
1101 4184 1177 4261 Qua
1196 4184 1239 4254 de
1260 4204 1360 4253 causa
1380 4191 1495 4253 auctor
1514 4183 1681 4273 alphabeti
1701 4184 1776 4253 siue
1796 4185 1992 4255 Phoenicius
2005 4183 2076 4254 siue
2092 4179 2286 4267 Aegyptius

517 4293 627 4360 Thuth
655 4297 771 4383 capitis
799 4297 940 4385 imagine
966 4301 1134 4387 expressit
1161 4320 1274 4368 sonum
1300 4323 1322 4368 r·
1351 4305 1386 4368 in
1413 4303 1589 4392 alphabeto
1615 4297 1829 4394 genuluossj.
1881 4298 2112 4382 nescitaque
2142 4301 2198 4362 est
2224 4295 2286 4366 lex

516 4429 652 4499 summa,
674 4413 716 4479 ad
738 4435 832 4502 quam
852 4416 971 4484 literae
992 4421 1127 4486 nostroe
1147 4419 1325 4505 antiquitus
1345 4417 1499 4492 delinitae
1521 4420 1660 4486 luerunt
1700 4416 1803 4492 Quam
1824 4417 1931 4504 legem
1952 4413 1983 4479 ai
2002 4409 2178 4502 sequimur,
2195 4411 2285 4481 feci-

516 4526 579 4596 lius
599 4529 675 4618 erit,
697 4549 796 4598 veros
816 4533 985 4601 literarum
1004 4534 1239 4606 hebraicarum
1259 4535 1463 4628 significatus
1483 4554 1611 4610 eruere.
1654 4531 1857 4625 Tenendum,
1876 4532 1992 4600 literas
2009 4528 2198 4618 Aegyptias
2218 4545 2285 4620 pa·

430 4929 434 4948 ,
515 4951 575 5010 Ἡ
604 4953 652 5012 Ν
667 4851 727 4930 ⁴⁸)
749 4855 822 4914 vid.
850 4859 991 4931 systema
1017 4861 1102 4920 Astr.
1126 4861 1206 4940 Aeg.
1234 4859 1477 4937 quadripartitum
1504 4861 1576 4924 Vol.
1601 4862 1656 4923 ne
1677 4877 1707 4938 p.
1733 4855 1805 4918 868.
1828 4859 1860 4918 ff.
1879 4857 1954 4920 'lab-
1979 4857 2035 4924 lx,
2055 4856 2131 4920 hex
2151 4851 2280 4930 Morogi.

547 4967 585 5011 ⁰·
651 4956 802 5016 ·varr.l.
1394 4977 1398 4986 ·
