4774 6104
1269 535 1518 615 ..34-

502 799 585 850 vero
606 779 669 849 cluo
695 797 822 868 quoque
848 777 982 847 bruchio
1008 744 1082 870 [Ι]
1102 787 1160 858 pro
1185 782 1227 854 tt,
1248 774 1334 843 torte
1353 771 1655 862 elegnntinegrntin
1676 773 1868 843 coniunctim
1886 773 1986 863 picto,
2008 790 2143 861 quorum
2153 772 2271 844 dextro

503 897 705 986 respondere
724 895 857 964 videtur
877 895 1039 975 bruchium
1060 893 1281 963 Phoenicium.

657 992 727 1107 ἰρξ
753 1031 819 1080 non
840 1030 899 1100 pro
920 1032 1010 1081 mero
1033 1013 1146 1080 baculo
1168 1013 1285 1080 bonino
1307 1009 1506 1100 sumendum,
1526 1009 1612 1097 quod
1638 1009 1733 1078 nimis
1761 1010 1828 1078 vile
1858 1009 2003 1100 videtur,
2031 1007 2093 1076 secl
2115 1009 2270 1078 uniuerso

505 1133 682 1202 secundum
709 1117 776 1203 M
796 1127 978 1197 uerberare
1004 1151 1065 1217 pro
1086 1131 1227 1220 tiegellu,
1248 1131 1463 1196 instrumento
1485 1125 1669 1195 inuutorto
1690 1133 1869 1215 pastorum.
1919 1127 2003 1195 Tale
2024 1127 2143 1197 saltem
2163 1127 2270 1196 nobile

503 1251 682 1322 habebatur
702 1255 801 1336 etque
822 1245 913 1316 Solio
934 1247 1133 1349 dominantis
1153 1245 1349 1334 deorumque
1368 1263 1592 1334 supremorum
1612 1245 1744 1330 insigne
1764 1246 1851 1333 upucl
1872 1246 2068 1333 Aegyptios.

654 1389 727 1473 3139
750 1381 957 1470 significasse
978 1381 1134 1469 paxillum
1162 1379 1379 1468 tubernaculi,
1399 1397 1469 1447 rem
1498 1379 1707 1467 vilissimum,
1733 1379 1853 1447 nemini
1881 1379 1977 1447 focile
2005 1377 2271 1470 persuadebitur,

505 1519 606 1591 quare
639 1497 859 1589 praeterendo
891 1499 1025 1567 oliorum
1058 1499 1226 1566 sententio
1232 1545 1244 1588 ,
1276 1499 1332 1586 qni
1366 1517 1440 1608 ili?
1470 1496 1646 1566 secondum
1676 1479 1766 1572 tri..
1795 1513 1974 1563 cousensus
2016 1499 2273 1584 interpretantur

505 1637 684 1706 triclinium

657 1759 705 1835 etp
724 1771 777 1804 a
801 1775 849 1841 φη
877 1751 957 1818 miro
985 1750 1079 1818 morlo
1113 1769 1134 1820 ο
1162 1753 1211 1841 rip
1239 1767 1300 1819 ore
1319 1749 1516 1834 clericorum,
1538 1749 1590 1820 cui
1609 1751 1674 1816 ium
1692 1751 1804 1819 obstat
1825 1749 2005 1818 diuersitas
2026 1748 2192 1816 literarum
2207 1759 2231 1812 tt
2245 1748 2277 1808 et

505 1875 542 1938 ἢ.
598 1870 702 1940 Porro
724 1870 890 1957 antiquum
910 1866 938 1970 ‘l
961 1867 1008 1935 ite
1029 1873 1198 1936 executum
1220 1873 1284 1958 est,
1303 1873 1343 1937 vt
1363 1867 1452 1936 nullo
1466 1885 1549 1935 sone
1565 1867 1636 1936 iure
1651 1886 1723 1935 cum
1744 1887 1800 1936 ure
1823 1869 2004 1954 computari
2026 1873 2135 1955 quent.
2178 1867 2277 1954 Ipsae

506 1987 685 2055 bestiarum
706 1986 820 2055 tuuces
841 1986 926 2056 adeo
955 1986 1083 2056 rlilntori
1114 2005 1177 2054 non
1205 1991 1352 2074 possent.
1402 1983 1558 2054 (ietemm
1583 1991 1719 2053 veteres
1752 1987 1909 2073 Aegyptii
1930 2004 1970 2052 os
1991 2003 2013 2052 n
2033 1991 2128 2072 purte
2149 1985 2274 2073 frontis,

506 2124 573 2172 non
595 2123 616 2172 o
636 2105 742 2172 latere
764 2105 870 2171 visum
891 2103 1119 2193 depinxenrut,
1139 2104 1226 2193 qood
1247 2122 1340 2171 nemo
1362 2102 1459 2170 aliter
1479 2102 1595 2170 iecerit
1608 2104 1708 2171 telem
1728 2103 1762 2170 in
1784 2123 1890 2170 vsum.
1933 2102 2051 2190 ltaque
2074 2109 2122 2180 up
2144 2103 2211 2168 alin
2234 2102 2274 2170 ui

505 2221 793 2291 vocobutureterri
814 2222 925 2311 debet,
947 2241 1079 2310 quorum
1101 2224 1222 2292 desunt
1234 2223 1349 2310 vtique
1368 2222 1402 2288 in
1417 2222 1529 2308 lingon
1542 2219 1706 2288 Heorutou
1727 2220 1866 2308 aliisque
1879 2219 2047 2288 Semiticis
2068 2227 2154 2308 opto.
2178 2219 2274 2287 lluucl

508 2338 604 2407 clubie
623 2357 705 2407 vero
727 2339 790 2406 hue
818 2345 972 2427 spectant
999 2337 1136 2426 Coptica
1162 2345 1229 2421 BA,
1253 2344 1332 2417 nat,
1356 2344 1438 2416 flete
1462 2327 1535 2419 [=
1557 2325 1687 2404 etv-..li
1711 2311 1851 2420 MSS),
1866 2339 1992 2425 pulmo,
2005 2358 2122 2405 runem
2131 2339 2274 2425 pulrnoc,

508 2456 697 2544 quibuscum
730 2453 861 2522 Graeco
891 2456 980 2541 βαῖς,
1007 2458 1104 2542 pluton
1138 2453 1282 2550 [ῥοβὸος
1315 2479 1463 2544 perorsos
1490 2453 1574 2522 flos.
1605 2452 1664 2524 Et.
1693 2449 1761 2544 M.)
1797 2453 1984 2523 noluerent.
2059 2453 2120 2524 sio
2148 2457 2274 2524 centies

509 2575 666 2658 ῳεῑῖολι
711 2573 854 2659 signitiot
875 2573 995 2660 lignum
1018 2573 1152 2662 pulmoe.
1195 2572 1345 2642 Eundem
1364 2571 1409 2640 nul
1430 2570 1573 2642 redicem
1593 2578 1747 2660 spectnre
1769 2571 1923 2639 violentur
1951 2573 2112 2641 r'ocnbulo
2139 2575 2275 2663 po-lmo,

509 2689 780 2779 por-o15‚quibus
802 2690 990 2760 vocobulum
1010 2697 1058 2770 up
1071 2711 1142 2761 cum
1163 2691 1327 2759 urliectiuo
1353 2689 1493 2758 subesse
1518 2690 1657 2758 videtur.
1706 2688 1800 2774 Quod
1828 2691 1917 2758 cudit
1938 2711 2066 2780 quoque
2093 2693 2127 2761 in
2149 2693 2274 2760 nomina

510 2807 665 2875 Φοινικιο
690 2813 725 2874 et
752 2807 921 2899 Phoenix,
941 2809 972 2876 si
997 2809 1131 2897 entique
1155 2814 1241 2876 sunt.
1292 2803 1449 2910 Quum']
1486 2823 1568 2874 sune
1602 2808 1731 2895 pulmne
1773 2808 1829 2877 vel
1864 2811 1939 2876 lolio
1980 2811 2110 2898 polmoe
2150 2810 2274 2878 similli-

509 2945 595 2992 mum
615 2924 676 3005 sit,
703 2924 817 2992 melior
844 2927 1032 2994 coniectura
1065 2928 1100 2994 in
1126 2933 1255 3011 promtu
1287 2945 1354 2994 non
1385 2931 1449 2994 est.
1519 2923 1690 2994 Ilerioetiu
1723 2927 1810 2995 enirn
1847 2921 1936 3030 ‘lob
1959 2946 2015 2995 ore
2028 2929 2120 2999 sulse
2161 2929 2277 2997 Acce-

509 3040 567 3129 dit,
589 3037 675 3128 quot
698 3043 807 3128 pulmo
827 3043 1035 3132 Aegyptiace
1053 3061 1078 3129 p
1099 3045 1262 3133 exprimit,
1282 3061 1390 3132 neque
1407 3062 1490 3112 vero
1513 3057 1600 3114 Ο.
1645 3043 1810 3135 Ceterum,
1826 3065 1921 3133 quum
1940 3053 1965 3109 o
1986 3051 2016 3109 Π
2036 3033 2068 3132 ψ
2091 3053 2114 3139 q
2138 3046 2274 3133 saepis-

509 3157 592 3227 sime
613 3178 744 3226 oumero
766 3159 852 3228 inter
872 3179 912 3228 se
925 3160 1172 3250 contunduntm,
1190 3161 1324 3230 mutatio
1346 3168 1391 3226 tto
1404 3153 1439 3220 io
1452 3166 1506 3227 ΒΔ
1520 3173 1579 3242 pro
1590 3166 1649 3225 tta
1661 3155 1716 3222 vel
1732 3150 1869 3257 (1⁸,spss
1891 3164 2011 3230 nemini
2031 3164 2094 3229 erit
2111 3164 2274 3251 scrupulo.

660 3283 715 3364 ipit
737 3282 831 3341 titt
857 3279 1026 3366 lucidiori,
1039 3297 1176 3368 cupere,
1186 3282 1317 3365 piscari
1328 3279 1517 3360 demnatum,
1531 3284 1598 3346 tum
1612 3278 1740 3346 humum
1759 3281 1977 3368 piscatorium,
1995 3287 2062 3349 tum
2074 3288 2147 3350 rete
2162 3283 2275 3368 expri-

508 3413 599 3461 mere
619 3399 742 3481 potest.
786 3391 888 3474 Quum
909 3413 991 3460 vero
1013 3391 1055 3492 lv
1077 3397 1199 3462 rectius
1219 3415 1279 3481 pro
1303 3393 1491 3483 compendio
1515 3395 1617 3486 retis,
1637 3415 1732 3484 quum
1752 3397 1840 3466 humi
1861 3400 2043 3468 habendum
2070 3402 2126 3491 sit,
2144 3399 2276 3488 proese-

509 3507 612 3575 rendu
638 3507 769 3574 videtur
789 3508 1016 3634 interpretgtio
1037 3513 1159 3574 nostre.

662 3641 718 3729 *pp
741 3637 916 3705 seeundum
938 3616 1001 3712 αξ
1015 3611 1113 3726 utque
1125 3619 1205 3750 2533
1225 3646 1396 3710 verterunt
1415 3642 1560 3712 toramen
1579 3663 1659 3712 ocus
1679 3647 1736 3714 vel
1756 3647 1884 3716 securis
1895 3657 1995 3740 utque
2014 3623 2180 3727 circuitum
2190 3656 2280 3726 euris

509 3791 681 3862 auremque
699 3773 812 3860 ipsum.
835 3771 976 3854 Quorum
987 3774 1171 3862 opinionum
1184 3782 1301 3846 neutm
1314 3782 1406 3846 stare
1417 3795 1520 3865 posse
1534 3777 1673 3848 videtur.
1701 3778 1835 3852 Etenim
1849 3803 1930 3852 neus
1942 3786 2088 3861 toramen
2101 3795 2207 3882 ipsum
2222 3813 2278 3862 res

509 3891 630 3961 nullius
650 3891 806 3958 momenti
830 3896 895 3980 est,
915 3896 1014 3979 utque
1034 3912 1094 3979 pro
1115 3911 1176 3960 oco
1197 3895 1346 3962 secoriue
1366 3913 1461 3963 nemo
1481 3894 1627 3966 toramen
1647 3899 1805 3989 pinxerit.
1854 3899 1918 3988 Qui
1937 3926 2021 3977 vero
2041 3911 2201 3982 vocabulo
2223 3915 2279 4001 φρ

510 4012 671 4078 notionem
686 4007 776 4075 nuris
791 4009 943 4098 tribuunt,
962 4009 1090 4096 longius
1111 4029 1132 4077 u
1152 4009 1305 4079 limitibus
1326 4011 1523 4101 philologiae
1544 4033 1648 4084 stoue
1667 4017 1829 4090 recedere
1848 4023 2012 4094 videntur.
2039 4026 2151 4092 lemni
2170 4048 2283 4110 genu·

509 4128 584 4196 inus
601 4128 719 4195 literne
738 4133 760 4212 Ρ
786 4125 828 4194 ud
861 4125 981 4196 surmus
1001 4127 1211 4215 respicimus,
1231 4131 1407 4219 praecipue
1428 4133 1472 4201 etl
1492 4125 1525 4219 t>
1543 4131 1743 4206 Graecorum
1756 4141 1939 4234 antiquum,
1960 4143 2073 4226 oleret,
2093 4147 2126 4224 φ
2158 4143 2281 4214 sociem

509 4259 680 4327 humanum
701 4278 762 4328 seo
784 4261 906 4328 vultum
927 4261 1132 4348 frontemque
1152 4262 1272 4349 cupitis
1301 4263 1506 4359 siguificare,
1533 4285 1617 4356 quoe
1644 4271 1853 4360 Aegyptiace
1874 4233 1923 4354 Q
1941 4272 2091 4360 pingitur.
2142 4273 2281 4349 Conce-

511 4373 615 4441 rlimus
629 4377 818 4444 vocobulum
832 4375 1021 4444 Semiticum
1042 4379 1099 4464 ltip
1114 4397 1178 4447 non
1200 4387 1345 4472 exsere,
1365 4381 1481 4452 sociem
1502 4386 1713 4483 significem
1742 4389 1895 4458 notemur
1922 4407 2002 4456 vero
2029 4387 2164 4483 similis,
2190 4416 2282 4483 quae
2377 4415 2378 4480 y

511 4511 533 4560 u
553 4491 664 4558 radice
693 4491 891 4559 Semitnrnm
919 4492 1048 4580 perdite
1068 4498 1125 4584 pt?
1146 4495 1252 4565 fronte
1274 4500 1391 4587 cupitis
1412 4500 1554 4570 deriuari
1582 4503 1715 4597 debent,
1740 4525 1769 4574 e.
1792 4526 1825 4592 g.
1856 4509 1983 4594 cup-ut,
2000 4510 2152 4594 κεφ-αλη,
2174 4512 2279 4604 Kopl,
2323 4537 2331 4550 ·

512 4608 618 4696 (tone,
639 4607 754 4694 quibos
775 4609 886 4676 anuto
915 4618 993 4676 suot
1013 4615 1110 4706 unqu,
1132 4621 1222 4679 nune
1241 4617 1395 4700 curritis,
1417 4625 1539 4708 tumor,
1552 4628 1644 4700 nus,
1657 4612 1815 4711 npspru
1830 4627 1950 4705 eune,
1964 4612 2091 4714 κοψο,
2109 4631 2145 4714 tp
2164 4624 2278 4712 ultum,

512 4730 613 4815 ιφ
639 4717 739 4800 trono,
765 4728 808 4812 ft?
838 4727 993 4793 curuitos.
1057 4725 1209 4796 Ceterum
1235 4731 1341 4820 ipsum
1368 4739 1468 4825 κρῆ),
1502 4737 1552 4804 vti
1572 4738 1717 4808 Buxtori
1737 4741 1874 4822 monuit,
1901 4743 1983 4807 nonni
2005 4749 2115 4830 potest
2136 4767 2194 4834 pro
2215 4769 2278 4832 cut-2
2377 4773 2378 4824 l

511 4847 580 4932 pite
601 4861 680 4910 ocus
700 4859 741 4908 oc
762 4843 898 4931 securis,
919 4840 1004 4929 quocl
1026 4861 1047 4909 o
1069 4845 1177 4931 cupite
1198 4849 1295 4938 vulgo
1318 4849 1367 4918 sio
1387 4849 1476 4920 (licto
1505 4871 1622 4923 nornen
1649 4855 1806 4926 intuerit.
1851 4857 1933 4926 Vtut
1953 4859 2008 4950 sit,
2029 4861 2125 4932 litero
2146 4866 2232 4933 nullo
2254 4887 2276 4936 ο

511 4962 666 5032 toramine
687 4978 766 5030 ecus
787 4959 948 5050 uppelluri
968 4960 1084 5049 potuit.
