4774 6104
648 723 818 793 Neminem
841 725 935 812 sugit,
956 724 1088 792 Arabes
1109 725 1293 814 exprimere
1315 723 1528 794 hebdomadis
1549 724 1622 793 dies
1643 722 1750 793 literis
1770 723 1937 812 alphabeti
1958 723 2024 792 sicr

668 861 812 968 &0226
942 859 1109 964 &baleus
1239 843 1362 966 &few
1489 843 1630 987 &hei
1756 843 1847 968 2»Ιῦ
1977 847 2095 988 &El-'nli
2178 837 2183 844 ·

649 991 720 1061 dies
741 992 830 1061 louis
946 993 1101 1062 Mercurii
1239 994 1359 1063 llartis
1497 995 1613 1063 Lunae
1750 991 1843 1062 Solis
1970 991 2106 1058 Saturni

649 1127 746 1195 Vnde
767 1127 887 1194 clarum
909 1133 976 1216 est,
997 1129 1127 1196 Arabes
1148 1128 1240 1197 initio
1262 1131 1430 1218 quaternis
1450 1129 1557 1197 literis
1579 1127 1727 1214 singulos
1747 1126 1821 1194 dies
1835 1127 2053 1213 significasse.
2072 1125 2173 1192 Nulla
2184 1124 2269 1192 enim

497 1245 615 1313 luisset
635 1246 730 1334 ratio,
750 1245 854 1312 solum
876 1244 962 1312 diem
982 1247 1158 1314 monadum
1179 1249 1373 1334 tertiumque
1395 1247 1491 1315 trinis
1512 1245 1617 1313 literis
1633 1246 1827 1333 exprimere.
1873 1244 1965 1330 Ergo
1987 1245 2162 1332 alphabeto
2179 1243 2266 1320 hra-

498 1361 570 1428 bum
590 1363 733 1448 genuino
754 1361 840 1430 duae
861 1361 977 1430 literae
998 1363 1114 1431 interr
1141 1364 1176 1424 et
1200 1368 1244 1440 b,
1267 1363 1403 1431 vocales
1423 1364 1554 1451 inquam
1576 1362 1778 1431 exciderant
1829 1359 1922 1444 Quod
1947 1359 2145 1429 Graecorum
2165 1359 2267 1428 Indo-

497 1498 629 1566 rumque
651 1498 696 1546 ex
716 1479 901 1567 alphabetis
923 1481 1094 1566 colligitur.
1138 1481 1276 1550 Scilicet
1297 1480 1418 1550 Graeci
1439 1488 1547 1570 posti
1574 1479 1746 1558 §tuentur
1765 1479 1913 1547 vocalem
1935 1500 1976 1571 'li
1998 1499 2093 1569 quam
2114 1498 2196 1547 caue
2210 1497 2267 1567 pro

497 1597 704 1682 mingentem
725 1597 843 1668 dicere.
887 1597 1125 1687 inscriptiones
1146 1601 1232 1668 enim
1253 1600 1510 1688 antiquissimae,
1531 1597 1648 1686 quibus
1668 1617 1701 1664 v.
1723 1617 1750 1663 c.
1784 1593 1873 1676 ἡλιος
1893 1597 2040 1665 redditur
2060 1595 2268 1676 ΗΗΛΙΟΣ,

497 1714 698 1802 distinguunt
715 1719 758 1782 H
774 1713 846 1806 (h)
860 1737 1036 1786 consonam
1054 1720 1096 1786 ab
1114 1722 1158 1785 H
1175 1721 1222 1803 (η)
1236 1717 1353 1786 vocali.
1377 1715 1504 1784 Eodem
1516 1721 1647 1804 spectat
1659 1715 1725 1783 alia
1736 1714 1833 1782 litera
1845 1717 1979 1804 antiquo
1996 1713 2194 1784 Graecorum
2216 1714 2269 1782 al-

497 1834 639 1921 phaheto
662 1836 849 1926 communis,
869 1834 1064 1924 Delphicum
1085 1837 1216 1924 inquam
1236 1860 1272 1901 sa
1316 1835 1484 1903 Habemus
1498 1834 1609 1920 itaque
1620 1831 1703 1900 duas
1714 1833 1789 1900 illas
1802 1833 1938 1901 vocales
1960 1834 2083 1920 antiqui
2104 1831 2270 1920 alphabeti

498 1953 604 2019 serius
625 1953 784 2040 perditas,
808 1975 890 2041 quas
910 1955 980 2022 iure
1001 1956 1181 2041 meritoque
1209 1972 1333 2042 ponere
1366 1953 1462 2042 licet,
1484 1971 1547 2040 quo
1569 1951 1641 2017 loco
1664 1951 1801 2020 lacunae
1822 1958 1899 2018 sunt
1920 1953 1954 2018 in
1978 1951 2152 2038 alphabeto
2182 1949 2270 2015 Ara-

498 2068 579 2136 bum.
623 2066 684 2137 Cui
705 2071 946 2160 adstipulantur
967 2071 1049 2144 ludi.
1096 2072 1211 2140 Claret
1233 2083 1320 2139 enlm
1340 2071 1442 2137 lndos
1475 2071 1598 2158 primas
1625 2068 1792 2156 alphabeti
1821 2069 1938 2137 literas
1966 2087 2025 2155 pro
2045 2067 2189 2135 numeris
2210 2066 2269 2132 ad·

497 2185 655 2276 hibuisse,
676 2187 792 2258 literas
814 2191 975 2279 paululum
996 2187 1166 2272 mutandoq
1187 2189 1277 2257 vnde
1308 2187 1454 2255 Arabum
1481 2187 1605 2254 numeri
1633 2188 1802 2275 nostrique
1831 2188 1981 2254 dicumm
2009 2185 2083 2252 orti.
2134 2181 2269 2252 Scilicet

498 2305 622 2371 numeri
642 2305 747 2372 Indici
773 2307 791 2372 1
818 2304 842 2373 2
867 2307 891 2374 3
914 2309 942 2375 4
965 2310 988 2375 5
1012 2307 1038 2376 6
1061 2305 1086 2374 7
1107 2307 1303 2374 conueniunt
1330 2325 1402 2373 cum
1428 2305 1536 2374 literis
1565 2295 1740 2372 lndicisti
1774 2297 1795 2368 i
1831 2295 1848 2367 i
1879 2297 1904 2366 'i
1935 2297 1959 2370 ri
1993 2295 2006 2368 i
2032 2295 2066 2384 τ’,
2102 2308 2140 2371 vt
2187 2303 2269 2370 inira

499 2422 683 2488 accuratius
713 2421 1003 2515 demonstrabitur3
1030 2425 1155 2492 numeri
1182 2421 1210 2489 Β
1231 2430 1265 2491 et
1287 2421 1313 2490 9
1335 2443 1417 2492 vero
1439 2422 1641 2513 respondent
1662 2420 1832 2490 vocalibus
1853 2423 1886 2488 ri
1907 2426 1943 2488 ct
1964 2422 2009 2488 lm·
2033 2420 2168 2508 ludiqis,
2188 2437 2269 2508 quae

499 2541 593 2627 ipsae
615 2547 692 2608 sunt
712 2543 851 2610 vocales
872 2544 952 2612 illae
973 2542 1140 2631 alphabeti
1163 2543 1296 2610 Arabici
1317 2541 1541 2631 Chaldaeique
1561 2541 1733 2638 perditae,
1767 2539 1820 2608 En
1841 2533 2001 2608 tabulam!

727 2667 747 2722 1
1979 2661 1992 2692 a

533 2764 555 2812 ¹·
726 2756 744 2849 a

534 2863 568 2913 rr.
718 2861 757 2932 a

532 2963 578 3012 rrr.

531 3081 578 3132 rv.
723 3055 786 3128 aa
883 3056 947 3129 ib
1049 3059 1108 3130 ic
1216 3057 1228 3068 '
1348 3055 1360 3064 '

531 3197 617 3254 zand-
709 3167 761 3267 ’ἶ
887 3200 909 3254 o>
1048 3201 1068 3282 ξ

651 3312 715 3396 Qui
736 3318 859 3384 numeri
880 3313 942 3408 (Γ)
964 3319 1122 3386 subiectis
1143 3337 1215 3384 cum
1236 3316 1342 3385 literis
1363 3309 1443 3407 (11)
1464 3319 1657 3403 congruunt,
1678 3311 1809 3382 omissis
1829 3311 1960 3382 lineolis
1981 3315 2146 3385 literarum
2164 3319 2270 3384 verti·

502 3431 625 3500 colibus
653 3436 689 3496 et
716 3431 989 3520 horizontalibusq
1015 3434 1065 3501 vti
1093 3451 1213 3500 versus
1241 3431 1293 3499 lll
1314 3432 1420 3500 docet
1483 3432 1666 3501 Praeterea
1687 3432 1865 3520 pleraeque
1893 3433 2012 3502 literae
2033 3433 2120 3502 verti
2142 3432 2270 3516 dehent,

501 3548 577 3634 quia
597 3547 775 3635 antiquitus
795 3549 869 3616 ludi
890 3568 912 3617 a
932 3549 1050 3617 dextra
1071 3567 1190 3617 versus
1203 3549 1369 3615 sinistram
1390 3548 1505 3617 literas
1517 3555 1706 3636 exararunt,
1719 3550 1804 3637 quod
1818 3569 1860 3619 ex
1875 3551 2014 3619 numeris
2025 3551 2109 3638 ipsis
2122 3558 2270 3640 apparet.

501 3665 600 3731 Licet
621 3666 746 3732 numeri
767 3667 874 3734 literis
895 3685 960 3734 non
982 3666 1067 3735 omni
1089 3686 1133 3734 cx
1155 3673 1249 3755 parte
1261 3665 1433 3756 quadrent,
1445 3666 1576 3755 plurimi
1589 3673 1699 3733 tamen
1714 3667 1797 3736 adeo
1811 3669 1981 3757 quadrant,
2001 3673 2040 3735 vt
2060 3687 2216 3739 numeros
2229 3670 2270 3736 li·

502 3790 595 3850 terae
617 3791 759 3871 aequent
780 3787 919 3854 maxime
940 3785 974 3852 in
995 3783 1099 3854 MSS.
1142 3785 1257 3861 ticinis
1279 3785 1448 3874 concedet,
1469 3803 1619 3854 numeros
1641 3783 1771 3852 ludicos
1792 3805 1857 3855 non
1878 3805 1957 3855 esse
1978 3785 2188 3871 arbitrariae,
2217 3787 2271 3856 vel

502 3899 630 3969 lineolis
652 3903 851 3990 simplicibus
865 3909 1073 3997 constantes3
1088 3905 1150 3972 imo
1166 3903 1345 3971 simillimos
1360 3903 1466 3971 literis
1476 3904 1593 3973 videri.
1614 3902 1709 3986 Quod
1722 3925 1794 3972 cum
1817 3905 2025 3994 concedatur,
2045 3905 2193 3993 sequitur
2209 3925 2271 3972 nu·

502 4038 610 4087 meros
632 4022 813 4110 comparari
834 4023 956 4091 dehere
978 4042 1049 4091 cum
1069 4023 1176 4090 literis
1196 4021 1337 4104 Indicis,
1363 4022 1406 4090 de
1435 4021 1552 4110 quibus
1579 4021 1688 4090 nullae
1716 4029 1794 4090 sunt
1820 4024 1962 4091 numeris
1987 4022 2054 4090 illis
2086 4021 2273 4108 similiores,

502 4157 597 4222 quam
617 4139 736 4208 dictae.
779 4142 849 4211 Iam
870 4161 952 4211 vero
974 4140 1060 4228 quod
1088 4159 1241 4209 numeros
1269 4137 1296 4205 8
1325 4147 1360 4208 et
1393 4139 1419 4208 9
1442 4143 1571 4226 attinet,
1593 4141 1722 4210 vocalis
1743 4145 1777 4208 rt
1797 4142 1870 4210 siue
1890 4167 1911 4222 η
1932 4142 2029 4231 plane
2050 4137 2185 4228 quadrat
2206 4157 2274 4206 nu-

502 4272 592 4321 mero
613 4252 658 4344 83
679 4259 775 4344 paulo
796 4260 902 4327 minus
923 4260 967 4324 lri
986 4259 1058 4326 siue
1079 4281 1106 4323 sc
1127 4277 1259 4326 numero
1283 4256 1318 4328 9.
1363 4259 1641 4335 Quemadmodum
1661 4279 1743 4328 vcro
1765 4277 1919 4328 numerus
1941 4255 1998 4323 sa
2019 4278 2041 4326 a
2063 4275 2194 4326 numero
2217 4255 2273 4322 9*

503 4390 568 4438 non
589 4370 699 4440 differt
719 4375 784 4441 nisi
804 4376 924 4444 lineola
945 4375 1125 4462 diacritica,
1146 4375 1194 4441 ita
1215 4376 1314 4444 etiam
1334 4378 1368 4442 ri
1393 4398 1414 4445 a
1441 4377 1496 4442 tri.
1538 4377 1647 4453 Quare
1676 4375 1947 4460 concludendum,
1974 4373 2127 4442 Indorum
2147 4375 2272 4443 literam

504 4495 651 4559 octauam
672 4499 708 4557 et
728 4511 846 4558 nonam
867 4494 970 4561 inisse
990 4491 1136 4581 vocales,
1158 4493 1305 4561 nimirum
1333 4513 1404 4583 eas,
1424 4514 1509 4581 quae
1529 4495 1662 4582 antiquo
1685 4495 1841 4583 Arabum,
1861 4491 2097 4560 Chaldaeorum
2119 4492 2272 4562 aliorum·

504 4627 567 4696 que
588 4608 763 4697 alphabeto
785 4609 977 4677 exciderint.
1019 4608 1089 4678 lam
1111 4629 1181 4676 cum
1202 4610 1276 4678 ludi
1297 4613 1422 4699 pariter
1442 4619 1541 4701 atque
1562 4611 1684 4682 Graeci
1705 4618 1740 4681 et
1760 4611 1891 4679 Arabes
1913 4611 1996 4676 duas
2016 4607 2132 4676 literas
2153 4611 2271 4700 quippe

504 4725 637 4793 vocales
647 4727 732 4794 inter
751 4734 762 4790 t
790 4725 824 4788 et
849 4732 873 4791 rt
895 4727 1066 4796 habuerint
1087 4730 1280 4823 antiquitus3
1301 4732 1447 4819 sequitur
1468 4731 1704 4818 Aegyptiorum
1718 4747 1845 4817 quoque
1864 4727 1999 4795 vocales
2014 4727 2119 4818 binas,
2142 4735 2274 4817 praeter

504 4843 643 4932 quinque
662 4846 738 4911 illas
759 4845 913 4932 vulgares
934 4853 1211 4932 commemoratas,
1234 4849 1337 4916 locum
1358 4847 1514 4929 habuisse
1534 4849 1651 4918 interr
1677 4845 1711 4909 et
1736 4851 1760 4912 a
1781 4846 1913 4935 antiquo
1934 4849 2078 4937 ipsoram
2103 4847 2136 4914 in
2152 4845 2272 4933 alpha·

501 4963 590 5052 beto,
611 4960 847 5036 Chaldaeorum
867 4986 984 5055 nempe
1003 4971 1153 5055 cognato.
