4774 6104
266 775 439 844 Probabile
454 776 540 844 enim
553 781 617 858 est,
628 773 770 862 genuina
783 793 986 842 numerorum
996 771 1235 860 signasubindo
1248 773 1607 862 mutationesqunsdam
1616 777 1766 847 subiisse.
1778 776 1882 862 Quam

117 893 156 961 ob
179 912 310 962 causam
331 895 487 980 distingui
509 895 631 962 debent
652 891 813 960 variarum
834 899 977 959 aetatum
999 893 1229 978 inscriptiones
1251 891 1491 979 chronologice.
1520 893 1612 962 Ante
1633 895 1739 963 omnia
1748 899 1881 989 iuuabit,

115 1031 268 1080 numeros
289 1012 395 1082 adhuc
415 1014 597 1100 incognitos
617 1011 773 1098 colligere
795 1011 852 1078 vel
873 1009 1008 1079 delinire
1029 1010 1223 1078 accuratius.

428 1207 465 1284 s.
491 1198 531 1272 4.
582 1197 790 1275 Instructio
814 1197 1022 1296 systematis
1046 1197 1314 1298 Aepyptimmm
1339 1199 1548 1274 numeralis.

264 1365 443 1456 mittamus,
471 1384 555 1453 quae
575 1365 737 1433 hacteuus
759 1366 925 1453 disputata
947 1371 1024 1431 sunt
1046 1363 1089 1432 de
1111 1363 1346 1450 Aegyptiorum
1367 1364 1521 1451 numeris,
1543 1382 1605 1451 quo
1627 1366 1750 1432 certius
1771 1385 1882 1439 eorum

110 1488 312 1570 potestatem
339 1503 499 1552 eruamus.
548 1483 615 1550 Pro
643 1485 745 1551 certis
772 1485 915 1551 numeris
943 1482 1077 1549 valeant
1107 1481 1305 1548 solummodo
1334 1483 1368 1569 ii,
1389 1482 1444 1568 qui
1464 1482 1499 1548 in
1519 1499 1643 1569 papyro
1671 1483 1882 1554 Minntoliano

112 1620 214 1688 supra
234 1601 321 1667 dicto
343 1602 481 1690 singqlis
501 1601 631 1687 hymnis
652 1601 800 1687 inscripti
822 1601 973 1667 continuo
996 1599 1109 1667 ordine
1131 1617 1209 1666 sese
1232 1599 1409 1690 excipiunt,
1431 1607 1531 1686 atque
1561 1601 1808 1692 hierogiyplrici,
1828 1605 1904 1691 qui·

111 1717 263 1787 facillime
285 1718 526 1805 distinguuntur
547 1717 838 1804 confirmanturque
859 1717 1055 1804 repetitione
1077 1719 1241 1804 signorum
1263 1720 1396 1808 parium,
1417 1718 1558 1804 exempli
1579 1718 1687 1806 gratia
1707 1719 1787 1787 hac:

731 1831 1062 1976 ritualium
1084 1880 1127 1910 =

264 2017 397 2105 Reliqui
417 2019 544 2086 numeri
564 2017 715 2086 hieratici
736 2023 771 2086 et
792 2017 944 2087 demotici
967 2020 1213 2107 explicabuntur
1232 2022 1368 2109 papyris
1390 2021 1623 2110 Aegyptiacis,
1650 2021 1883 2112 inscriptiones

110 2133 263 2204 Graecas
290 2153 504 2224 numerosque
534 2155 635 2222 pares
656 2137 914 2230 continentibusq
935 2157 1083 2207 necnon
1104 2140 1281 2206 rationibus
1302 2139 1446 2228 scriptis,
1467 2141 1582 2226 quibus
1601 2139 1794 2208 additiones
1820 2163 1883 2210 nu-

108 2270 272 2319 merorum
293 2271 465 2341 eommque
486 2273 631 2321 somnne
652 2260 798 2321 exstent.
842 2257 976 2323 Auxilio
996 2261 1050 2324 eat
1070 2258 1213 2323 atmitas
1233 2259 1415 2345 scripturae
1430 2255 1695 2344 hieroglyphicas
1717 2277 1788 2325 curn
1808 2260 1883 2328 lrie-

109 2370 226 2457 ratioa,
247 2377 346 2460 atque
366 2372 546 2440 hieraticae
569 2389 640 2437 cum
660 2370 842 2462 demotica3
864 2391 907 2440 ex
929 2394 993 2461 qua
1019 2373 1072 2464 lit,
1099 2380 1139 2440 vt
1165 2375 1287 2442 numeri
1319 2373 1469 2440 hieratici
1489 2373 1600 2439 habitu
1623 2371 1709 2440 haud
1733 2374 1883 2444 differant

109 2505 132 2553 a
153 2487 334 2556 demoticis.
379 2488 474 2573 Quod
495 2489 619 2557 duobus
641 2489 804 2577 exemplis
824 2489 990 2559 illustrare
1011 2493 1111 2558 iuuat.
1155 2488 1215 2557 Sic
1235 2510 1381 2578 papyrus
1402 2490 1566 2557 demotica
1584 2489 1810 2560 Berolinensis
1831 2513 1882 2560 no.

112 2649 178 2721 36.
200 2657 314 2744 incipit
326 2676 347 2723 a
368 2660 510 2725 numeris
530 2659 601 2724 llis:
622 2682 713 2735 ετους
739 2661 779 2734 λς
799 2687 843 2715 --
862 2586 980 2748 <Agl
1000 2677 1052 2710 =
1066 2643 1252 2755 ὴΔΒοτριι
1277 2629 1336 2724 ᾗ
1350 2679 1403 2710 =
1423 2679 1508 2726 anno
1529 2657 1631 2726 solari
1654 2654 1717 2724 36.
1745 2657 1816 2741 Quo
1837 2678 1882 2727 ex

109 2773 206 2838 tilulo
219 2781 369 2860 apparet,
382 2794 532 2841 numeros
545 2775 724 2843 demoliens
739 2768 803 2864 δέ
824 2782 859 2844 et
882 2777 932 2842 30
956 2777 1185 2865 jisimillimos
1213 2797 1292 2845 esse
1319 2777 1485 2844 hieraticis
1514 2773 1540 2842 6
1569 2781 1605 2844 et
1626 2771 1678 2841 30
1701 2795 1800 2866 snpra
1820 2777 1883 2845 de·

111 2887 258 2974 scriptis.
300 2889 384 2956 Item
404 2892 522 2977 papyri
542 2891 778 2960 Berolinenses
799 2914 853 2961 no.
874 2893 928 2961 40
952 2903 1049 2983 atque
1067 2915 1120 2964 no.
1139 2895 1190 2963 41
1215 2895 1374 2982 incipiunt
1393 2894 1446 2960 luis
1467 2894 1624 2961 numeris:

354 3055 561 3134 Evocant:
586 2985 704 3145 „Agit
720 3031 781 3108 ¹=
806 3041 993 3154 ὴΔΒοτριι
1018 3057 1064 3122 tn
1090 3079 1129 3118 =
1154 3081 1240 3130 anno
1259 3063 1362 3130 solari
1387 3059 1438 3128 14
1458 3051 1560 3149 (ῃλ)

354 3221 388 3288 L
479 3245 522 3306 κγ
542 3253 586 3282 =
609 3153 714 3312 9531
728 3209 980 3319 =tlltaorpn
1005 3225 1126 3292 RF=
1140 3248 1226 3298 anno
1247 3229 1348 3296 solari
1369 3226 1421 3295 23
1445 3213 1539 3313 (195)

263 3337 380 3426 ltaque
401 3339 512 3407 licebit
533 3341 676 3407 numeris
697 3341 865 3408 hieraticis
885 3345 987 3411 certis
1007 3347 1153 3413 incertos
1174 3346 1354 3413 demoticos
1375 3342 1523 3430 definire,
1543 3359 1709 3429 versaque
1728 3341 1815 3410 vice.

263 3455 373 3524 Deest
401 3458 535 3543 primum
561 3459 595 3524 in
617 3459 766 3546 catalogo
795 3480 996 3528 numerorum
1020 3483 1121 3549 supra
1153 3465 1304 3547 exposito
1332 3479 1484 3527 numerus
1513 3457 1584 3538 50,
1606 3477 1701 3544 quem
1721 3459 1879 3531 hieratica

112 3541 147 3662 Ἰ,
160 3573 358 3779 damonae?
378 3575 596 3662 significasse,
616 3577 712 3643 tacite
734 3581 789 3644 est
809 3576 1046 3644 demonstrare.
1069 3575 1203 3644 Etenim
1229 3545 1266 3662 Ἰ,
1289 3595 1385 3662 quum
1405 3573 1547 3641 numeris
1565 3570 1678 3641 Sota
1702 3576 1880 3662 praecedat

111 3710 141 3758 e.
185 3712 244 3759 ,ιιι

108 3711 495 3901 εεᾷιεῐιπῗιηεῑαυίετς
517 3829 680 3876 numerum
701 3808 868 3878 denarium
889 3811 1040 3900 valuerit,
1061 3829 1201 3878 necesse
1223 3815 1286 3877 est.
1328 3808 1500 3876 Demotico
1521 3828 1604 3875 vero
1624 3799 1676 3896 3(
1687 3827 1740 3859 =

110 3927 235 4014 cipiunt
256 3927 371 4014 papyri
392 3945 437 3993 ex
458 3931 570 3994 aetate
590 3926 774 3994 Ptolemaei
794 3923 1056 4016 Physconem),
1077 3929 1131 4014 qui
1152 3926 1245 3994 solus
1263 3927 1351 3993 inter
1372 3925 1521 4012 Lagidas
1551 3924 1603 3991 50
1625 3943 1729 3994 annos
1757 3944 1879 4012 regna-

360 3719 404 3749 =
425 3687 480 3756 68
501 3692 534 3757 in
558 3659 705 3808 affati,
732 3693 869 3776 aliisque
895 3694 1091 3780 saepissime
1121 3693 1365 3770 occurentibus,
1396 3697 1496 3778 atque
1536 3694 1614 3776 post
1640 3674 1728 3781 j
1751 3688 1879 3895 ἔξω)

1826 3827 1879 3875 rn-

110 4098 262 4182 viaeg.
287 4021 441 4182 ¹831:
462 4114 494 4162 a.
517 4092 581 4161 52.
608 4022 773 4184 9331:
793 4115 824 4162 a.
852 4092 916 4162 53.
942 4022 1045 4183 mgb
1064 4121 1109 4151 =
1131 4114 1163 4162 a.
1185 4090 1249 4159 ol.
1294 4091 1400 4175 Quom
1428 4090 1512 4158 tituli
1539 4089 1660 4160 Graeci
1682 4091 1794 4160 horum
1816 4113 1879 4180 pa-

110 4233 261 4303 pyrorum
281 4213 438 4301 incipiant
458 4212 500 4279 alr
521 4235 612 4290 mooe
632 4213 675 4298 νβ
693 4212 863 4299 nulliusque
884 4212 1095 4282 Ptolemaeus
1117 4208 1169 4280 60
1193 4229 1296 4278 annos
1317 4211 1525 4300 regnaverim
1537 4228 1629 4277 nemo
1643 4212 1786 4303 negabit,
1811 4182 1880 4304 iet

111 4337 127 4422 3
146 4333 352 4422 significasse
377 4329 441 4396 50.

261 4481 438 4554 munerun
460 4479 512 4551 ro
542 4479 688 4551 vuunse
715 4480 904 4549 aroannam
924 4449 1245 4571 alemannus,
1266 4478 1353 4548 unua
1365 4478 1526 4548 ornans
1547 4479 1611 4548 eat
1631 4480 1780 4568 paeane.
1802 4479 1877 4550 ux-

267 4905 325 4982 lit)
344 4911 417 4984 Pap.
436 4909 533 4968 Berol.
553 4907 605 4967 38.
625 4905 678 4970 is.
698 4911 772 4972 Item
793 4908 900 4985 papyri
921 4905 1122 4970 taurinenses
1142 4924 1190 4970 no.
1212 4906 1305 4969 eale.
1327 4903 1419 4968 8352.
1447 4907 1480 4967 in
1505 4908 1582 4970 alal.
1602 4922 1639 4966 m.
1659 4907 1746 4982 Aeg„
1767 4903 1873 4978 qulbus
1946 4987 1947 4992 ἵ

115 5007 194 5072 tltnll
215 5007 324 5068 llraecl
343 5009 470 5070 sultano
490 5015 570 5072 sunt.
1548 5081 1574 5151 ς
