4774 6104
730 1330 1333 1464 Pnhnhaulo.

914 1640 1158 1654 ¹*

297 1804 508 1903 Quamquam
537 1800 739 1902 opusculum
764 1800 845 1893 hoa
875 1825 977 1900 quum
1002 1803 1154 1902 antiquis
1178 1802 1226 1878 de
1249 1799 1361 1876 literis
1386 1806 1472 1898 agat
1489 1799 1710 1900 praesertim,
1736 1797 1846 1874 solam
1871 1797 1918 1872 ad

143 1951 452 2054 palaeographiam
486 1960 650 2054 spectare
682 1950 863 2051 rideatrn3
896 1975 1078 2054 speramus
1116 1959 1249 2047 amen,
1280 1951 1358 2030 lore
1388 1958 1430 2026 vt
1459 1949 1550 2027 aliae
1589 1974 1726 2050 quoque
1757 1949 1919 2052 discipli-

144 2127 223 2196 nae,
248 2103 407 2195 historia,
435 2101 674 2200 chronologia,
699 2101 879 2178 literatura
903 2103 1144 2205 Aegyptiace,
1171 2102 1417 2201 cuneoformis,
1442 2099 1617 2194 Zendica,
1650 2100 1834 2194 Pehluica,
1859 2111 1918 2178 ln-

146 2251 236 2345 dica,
261 2252 420 2328 ytililalis
445 2251 528 2352 qnid
554 2252 693 2352 capiam
717 2252 775 2326 his
801 2275 850 2328 ex
873 2253 1180 2331 lumbrationious.
1231 2253 1384 2328 Primum
1409 2252 1501 2328 enim
1532 2252 1686 2328 numeris
1710 2253 1917 2354 Aegyptia-

146 2403 200 2478 cis
226 2403 408 2496 euincitur,
432 2401 642 2503 Aegyptios
666 2404 710 2478 ab
735 2401 987 2501 antiquissimis
1011 2402 1095 2480 inde
1119 2404 1331 2506 temporibus
1357 2424 1478 2478 verum
1503 2401 1672 2478 habuisse
1699 2401 1918 2503 alphabetum

144 2555 295 2629 numeris
320 2553 471 2651 ursitum,
486 2553 580 2653 quod
592 2552 770 2632 Hebraico
792 2551 1012 2654 reliquisque
1022 2554 1186 2653 genuinis
1200 2555 1304 2655 plane
1322 2551 1515 2654 respondit.
1566 2552 1629 2628 lhx
1654 2577 1723 2653 quo
1748 2551 1916 2651 sequitur,

144 2702 363 2802 alphabetum
388 2712 555 2805 nostrum,
581 2729 683 2802 quum
708 2705 744 2778 in
769 2705 999 2780 monumentis
1013 2714 1128 2782 aetate
1151 2704 1318 2808 Josephi,
1344 2703 1426 2802 quin
1446 2702 1651 2798 Abrahami,
1676 2704 1751 2812 iam
1769 2702 1918 2805 septimo

143 2861 229 2950 post
261 2851 516 2950 dispersionem
552 2854 804 2955 Babylonicam
842 2857 988 2932 sacculo
1027 2856 1170 2957 scriptis
1207 2856 1409 2958 reperiatur,
1435 2857 1611 2932 inuentum
1642 2854 1768 2948 fuisse,
1802 2876 1917 2951 neque

143 3007 227 3100 post
252 3000 396 3090 Mosen,
422 3025 539 3102 neque
562 3003 689 3081 Cadmi
713 3005 902 3084 illiusnatu
916 3006 1060 3082 minoris
1070 3015 1237 3108 tempore.
1290 3005 1491 3082 Hinc-falsa
1503 3005 1621 3106 opinio
1636 3013 1707 3100 est,
1721 3001 1916 3106 alphabeti-

139 3171 221 3227 ,cam
241 3149 460 3251 scripturam,
493 3177 594 3252 quam
626 3161 770 3231 veteres
794 3157 864 3257 ipsi
905 3156 1053 3232 Taanto
1084 3179 1134 3231 ex
1165 3155 1298 3231 diluuio
1337 3157 1508 3232 communi
1539 3165 1682 3232 seruato
1712 3155 1915 3244 tribuerunt,

143 3299 249 3372 multa
274 3307 357 3399 post
381 3301 523 3376 saecula
547 3304 772 3404 prodiisses
805 3306 988 3406 syllabica,
1020 3305 1226 3404 syllabicam
1260 3331 1348 3382 vero
1379 3307 1484 3381 multo
1517 3277 1634 3380 serius
1665 3328 1688 3380 e
1719 3302 1916 3404 symbolica

143 3450 307 3545 genuina,
341 3451 419 3527 siue
451 3451 729 3553 hieroglyphice.
782 3454 900 3544 Quare
932 3454 1226 3557 hieroglyphicae
1265 3456 1532 3558 Aegyptiorum
1564 3454 1813 3556 inscriptiones
1844 3476 1923 3552 oon

143 3598 283 3692 debent,
309 3623 423 3698 neque
456 3601 606 3694 omnino,
639 3626 754 3700 neque
780 3606 961 3680 unanimam
1000 3612 1133 3706 partem
1164 3605 1382 3706 symbolicae
1413 3606 1538 3706 putari.
1589 3604 1679 3682 Inde
1702 3611 1812 3707 patet,
1838 3603 1914 3678 stuf-

141 3749 306 3846 fragante
348 3751 576 3852 inscriptione
608 3753 816 3849 Roscltana,
848 3755 975 3832 firmum
1005 3753 1173 3846 vendere,
1204 3756 1275 3852 qui,
1303 3764 1443 3857 praeter
1473 3756 1695 3858 paucissima,
1728 3755 1915 3853 hierogly-

141 3898 260 3998 phicis
299 3900 451 3998 singulis
483 3905 655 3979 vocabula
685 3905 826 4002 integra
856 3903 1034 3983 intrudant
1066 3904 1272 4003 symbolice.
1334 3904 1500 3983 Ceterum
1530 3906 1672 4008 primum
1704 3905 1774 3984 hoc
1805 3904 1914 3980 libelli

140 4057 247 4148 caput
271 4049 416 4124 exhibet
441 4049 554 4149 signa·
571 4053 748 4129 numerica
772 4055 1035 4156 Aegyptiorum
1058 4053 1135 4128 sere
1161 4055 1285 4146 omnia,
1316 4053 1609 4155 hieroglyphicis,
1640 4055 1823 4132 hieraticis
1848 4053 1914 4128 de-

141 4201 349 4298 moticisquc
379 4199 664 4301 inscriptionibus
696 4203 846 4278 maxime
879 4203 991 4276 variis
1021 4211 1208 4303 excerpta3
1240 4204 1363 4306 partim
1392 4229 1494 4300 noua,
1526 4204 1649 4306 partim
1680 4204 1812 4280 rectius
1845 4228 1913 4280 cx-

139 4353 269 4453 plicata
293 4351 475 4448 literisque
500 4360 711 4454 comparata.
760 4351 865 4444 Quod
889 4352 1011 4428 attinet
1033 4351 1276 4430 cuneolormes
1293 4355 1492 4448 Persarum,
1517 4353 1706 4430 Medorum
1731 4354 1912 4456 Assyrio-

139 4495 284 4599 rumque
316 4503 519 4602 scripturas,
545 4503 602 4578 his
633 4525 769 4601 quoque
799 4503 1018 4606 alphabetum
1051 4500 1282 4581 Chaldaicum
1314 4506 1486 4605 antiquum
1518 4507 1668 4582 subesse
1693 4505 1913 4582 demonstra-

135 4663 207 4728 tur.
258 4651 348 4728 Cum
373 4654 463 4734 enim
488 4655 612 4734 literae
637 4653 825 4742 Porsenna
849 4665 1019 4732 omentac
1064 4655 1327 4734 combinatoriis
1359 4678 1408 4733 cx
1439 4656 1578 4756 legibus
1609 4656 1735 4730 iustum
1767 4657 1803 4730 in
1830 4654 1913 4731 ord-

136 4827 220 4878 nem
254 4799 475 4900 rediguntur3
501 4804 619 4882 euenit
649 4804 765 4882 series
798 4805 974 4882 hteranrm
1012 4807 1227 4884 conueniens
1265 4831 1343 4882 cum
1373 4809 1469 4886 serie
1493 4807 1669 4885 literanum
1695 4805 1912 4888 muroe-

134 4979 216 5032 mm
249 4951 328 5028 siue
360 4954 656 5055 Neopersicarum
683 4956 810 5056 potius.
870 4958 965 5036 Hinc
999 4981 1187 5062 perperam
1213 4958 1449 5053 coniecerunt,
1475 4960 1731 5038 cmreoformem
1757 4953 1992 5136 mptum.
