4774 6104
1252 577 1506 655 ...24-

491 809 562 860 cam
583 785 833 874 hieratioamque
854 783 1046 874 scripturum
1067 785 1241 853 inuentam.
1286 779 1385 850 Cuius
1412 781 1574 870 opinionis
1601 781 1636 849 in
1656 781 1796 868 gratiam
1816 779 1957 868 loquitur
1979 779 2122 873 traditio,
2150 782 2282 871 alpha-

490 909 603 976 betum
624 906 873 994 Aegyptiarum,
894 905 943 972 vti
965 903 1115 988 vidimus,
1135 923 1214 971 esse
1235 903 1401 970 inuentum
1421 921 1442 968 a
1463 900 1572 968 Thoth
1594 901 1665 967 siue
1688 901 1807 991 Taaut,
1827 898 1951 967 decimo
1980 899 2166 987 Protogeni
2197 923 2282 988 pro-

491 1026 614 1114 genito,
642 1042 704 1109 qua
732 1029 843 1089 aetate
866 1021 1018 1088 diluuium
1038 1020 1206 1089 acciderit.
1249 1022 1367 1088 Altera
1395 1039 1473 1089 uero
1500 1017 1664 1093 sententia
1691 1026 1764 1099 est,
1792 1039 1836 1087 ex
1864 1037 1928 1105 qua
1954 1019 2078 1088 numeri
2108 1019 2280 1107 Aegyptii

491 1141 672 1231 prodierint
693 1158 738 1206 ex
759 1139 932 1226 alphabeto
954 1138 1130 1227 posteriori
1152 1139 1407 1227 hieroglyphico,
1428 1141 1547 1226 qnippe
1569 1134 1703 1205 oriundo
1726 1157 1770 1204 ex
1782 1137 1958 1226 alphabeto
1973 1137 2150 1223 primaeuo.
2178 1135 2278 1220 Quae

493 1261 711 1346 coniecturae,
733 1277 829 1344 quum
850 1263 990 1344 viraque
1011 1257 1089 1324 ierri
1110 1257 1228 1347 possit,
1250 1257 1434 1324 iudicentur
1453 1257 1518 1324 iam
1538 1254 1804 1344 palaeographia.

641 1375 735 1443 Sane
755 1377 879 1442 numeri
899 1375 1056 1462 Aegyptii
1078 1374 1168 1458 dicti,
1188 1376 1219 1441 si
1240 1380 1468 1463 comparantur
1490 1393 1561 1442 eum
1582 1375 1689 1441 literis
1711 1373 1966 1461 antiquissimis,
1995 1392 2078 1461 quas
2098 1372 2275 1466 hahemus,

490 1494 650 1565 Asiaticis
670 1493 728 1562 vel
749 1492 940 1583 Chaldaeis,
960 1493 1112 1560 simillimi
1135 1500 1212 1560 sont
1236 1495 1377 1562 maxima
1399 1510 1443 1558 ex
1465 1498 1560 1579 parte
1581 1491 1698 1580 literis,
1719 1511 1801 1578 quas
1823 1497 1987 1581 spectent,
2000 1492 2196 1560 Phoeniciis
2213 1513 2276 1560 ea-

489 1648 624 1717 rumque
644 1630 812 1720 affinibus,
834 1627 875 1696 de
898 1648 959 1715 qun
988 1627 1067 1697 vide
1082 1627 1163 1697 Tah.
1185 1629 1245 1696 lll.
1259 1628 1456 1696 adiunctam.
1479 1625 1539 1694 Sic
1556 1633 1578 1690 e
1595 1627 1762 1713 antiquum
1780 1627 1887 1695 literis
1907 1585 1935 1712 J
1947 1611 2036 1704 j
2048 1612 2154 1720 j,
2184 1639 2274 1708 quoe

488 1749 567 1814 item
586 1747 641 1832 sno
663 1747 787 1836 valent,
812 1747 1005 1813 simillimum
1035 1754 1192 1837 apparet,
1220 1744 1304 1833 qnod
1327 1745 1393 1814 noli
1413 1745 1578 1812 lortuitum
1599 1744 1722 1812 dicere.
1764 1743 1856 1811 idem
1878 1745 1967 1814 cadit
1988 1746 2021 1812 in
2042 1746 2210 1832 antiquum
2231 1760 2269 1830 Π

489 1871 524 1934 et
544 1863 579 1953 sl
601 1864 837 1952 Aegyptiorum
858 1865 892 1952 h,
912 1882 975 1931 nec
996 1883 1061 1931 nnn
1083 1866 1283 1932 innumeros
1303 1863 1516 1950 51:³ss
1541 1881 1595 1914 =
1617 1871 1639 1946 t,
1673 1829 1774 1952 ff=
1799 1841 1829 1944 5,
1858 1841 1896 1952 Ἦ
1925 1882 1978 1915 --
2002 1874 2026 1927 n
2051 1863 2208 1952 aliosque.

644 1980 717 2064 Qua
744 1980 787 2048 de
818 2002 856 2049 re
883 1981 1139 2049 concludendum
1160 1983 1255 2069 loret,
1282 2001 1434 2049 numeros
1459 1983 1645 2069 Aegyptios
1674 1999 1753 2048 csse
1780 2000 1890 2048 meros
1915 1980 2083 2070 alphabeti
2110 1983 2267 2069 primaeui

489 2101 617 2166 literas.
661 2097 803 2167 obstant
824 2121 905 2168 vero
925 2101 1051 2168 numeri
1073 2100 1129 2167 alii
1150 2100 1310 2189 permulti,
1331 2120 1414 2187 quos
1441 2100 1530 2167 nulla
1557 2099 1628 2166 lere
1651 2117 1722 2166 cunr
1746 2098 1851 2164 literis
1879 2097 2069 2167 Phoeniciis
2091 2101 2266 2170 intercedit

488 2217 675 2307 similitudo,
695 2236 726 2286 e.
738 2239 770 2303 g.
795 2196 814 2304 Ξ
838 2235 889 2268 -·-·
916 2224 943 2300 i,
970 2187 1015 2305 j<
1039 2237 1092 2268 =
1117 2223 1153 2300 o,
1180 2223 1239 2290 L
1263 2238 1316 2270 =
1339 2226 1371 2282 2.
1403 2217 1545 2285 Accedit
1571 2216 1651 2306 huc,
1684 2215 1769 2304 quod
1796 2235 2000 2284 numerorum
2027 2219 2265 2307 Acgyptiorum

487 2355 560 2404 cum
579 2337 686 2404 literis
707 2336 896 2404 Phoeniciis
918 2339 1131 2422 congruentia
1151 2337 1248 2403 aliter
1268 2355 1394 2424 quoque
1414 2336 1575 2422 explicari
1595 2341 1738 2424 potent·
1760 2333 1853 2402 inter
1874 2354 1987 2403 omnes
2009 2337 2097 2403 enim
2122 2343 2263 2425 constat,

487 2455 605 2521 literas
635 2452 822 2520 Chaldaeos
843 2453 1017 2521 secundum
1041 2455 1186 2541 ipsarum
1206 2456 1333 2520 nomina
1355 2471 1433 2520 esse
1453 2454 1612 2540 imagines
1633 2471 1751 2542 rernm,
1772 2471 1792 2520 e
1814 2459 1931 2551 natura
1951 2455 2085 2542 vitaque
2106 2454 2263 2523 communi

486 2571 679 2660 petitarum,
707 2571 791 2658 qood
819 2571 913 2658 ipsae
938 2571 1106 2638 literarum
1134 2571 1257 2655 figurae
1285 2572 1530 2658 antiquissimae
1556 2571 1697 2659 probent
1725 2591 1792 2639 vna
1817 2590 1889 2638 cnm
1914 2571 2077 2640 literarum
2119 2572 2260 2640 nomini-

486 2689 558 2756 bus.
622 2688 758 2756 hiterae
792 2706 873 2756 vero
911 2694 1045 2758 nostrae
1079 2689 1277 2756 Asianorum
1309 2691 1462 2778 antiquae
1494 2689 1578 2758 adeo
1605 2709 1627 2757 a
1650 2687 1802 2775 genuinis
1828 2689 1970 2776 ipserum
1998 2691 2107 2757 formis
2139 2707 2258 2756 neees-

487 2811 614 2896 senmt,
634 2811 673 2873 vt
693 2807 787 2892 ipsae
807 2825 867 2894 pro
889 2806 1090 2893 compendiis
1110 2808 1321 2892 genuinamm
1343 2807 1457 2875 haberi
1482 2807 1637 2876 debeant.
1685 2807 1754 2875 Pac
1781 2807 1891 2896 itaque
1919 2807 2104 2894 Aegyptios
2125 2807 2259 2876 colonos

486 2924 658 3010 genuinum
682 2924 812 3010 quidem
833 2923 1038 3011 alphabetum
1066 2943 1177 2993 secum
1204 2925 1370 3015 habuisse,
1391 2927 1499 2993 serius
1531 2946 1611 2994 vero
1633 2945 1712 2993 suas
1740 2924 1782 2992 ad
1812 2929 1959 2993 rationes
1992 2933 2157 3020 mutasse,
2184 2923 2258 3014 quid

485 3041 609 3130 mirum,
639 3045 805 3108 seruatam
836 3059 915 3109 esse
945 3041 1114 3109 multorum
1142 3060 1345 3110 numerorum
1382 3043 1623 3111 similitudinem
1656 3063 1727 3112 cam
1753 3044 1861 3110 literis
1887 3043 2077 3112 Phoeniciis
2110 3043 2255 3130 aliisque.

486 3157 577 3243 Quas
599 3157 727 3247 quidem
748 3159 788 3226 oh
809 3177 940 3249 causas,
960 3179 1055 3228 nemo
1076 3159 1165 3228 dicet
1185 3179 1339 3228 numeros
1360 3163 1547 3250 Aegyptios
1568 3181 1589 3230 e
1609 3162 1716 3230 literis
1736 3162 1911 3249 primaeois
1931 3163 2080 3249 proxime
2100 3168 2200 3230 ortos.

635 3275 705 3343 lam
725 3277 851 3345 numeri
871 3278 1041 3367 Aegyptii,
1062 3298 1156 3364 quum
1179 3297 1286 3368 neque
1308 3280 1473 3346 arbitrarii
1492 3281 1570 3369 siut,
1596 3297 1703 3368 neque
1724 3279 1916 3366 compendia
1936 3279 2176 3368 vocabulorum,
2197 3299 2258 3348 ne-

484 3411 546 3480 que
567 3393 687 3460 literae
708 3394 903 3462 Asianorum
924 3397 1121 3485 primaeuae,
1142 3417 1205 3483 quo
1226 3397 1343 3464 reierri
1364 3397 1507 3464 debeant
1525 3416 1591 3464 non
1611 3397 1719 3478 video,
1740 3399 1771 3465 si
1791 3417 1857 3466 non
1877 3397 1922 3465 ad
1941 3397 2058 3466 literas
2074 3399 2256 3486 Aegyptio-

484 3528 554 3576 rum
574 3509 668 3596 ipsas
688 3510 939 3596 antiquissimas.
983 3512 1119 3576 Numeri
1142 3513 1300 3597 Aegyptii
1329 3533 1388 3599 pro
1416 3513 1522 3581 literis
1552 3515 1729 3603 Aegyptiis
1759 3516 1873 3585 haberi
1904 3516 2025 3585 dehent
2046 3515 2103 3583 vel
2124 3536 2194 3584 enm
2214 3515 2254 3583 oh

483 3643 628 3712 causam,
649 3623 724 3707 quia
744 3624 860 3690 mediis
881 3625 915 3689 in
935 3624 1102 3691 vocabulis
1124 3644 1230 3712 aeque
1251 3645 1291 3693 ac
1311 3628 1458 3715 reliquae
1478 3630 1594 3698 literae
1614 3632 1749 3700 vocales
1769 3639 1805 3700 et
1825 3640 2049 3702 consonantes
2061 3637 2255 3722 exprimunt.

484 3740 579 3826 Quod
599 3741 664 3806 iam
684 3741 868 3808 accuratius
889 3740 1099 3830 probandum,
1125 3761 1188 3831 quo
1215 3745 1304 3812 lacto
1332 3745 1458 3813 lucilius
1487 3747 1552 3814 erit
1578 3746 1724 3816 indicare
1753 3750 1797 3818 de
1824 3751 1998 3839 alphabeto
2021 3753 2256 3841 Aegyptiorum

481 3857 634 3948 genuino,
654 3860 797 3926 numeris
818 3859 961 3947 ipsorum
982 3870 1186 3931 conseruato.
1235 3864 1311 3952 Age
1337 3863 1519 3956 videamus,
1549 3884 1631 3957 qnos
1653 3868 1787 3940 vocales
1808 3889 2012 3955 consonosue
2039 3872 2163 3940 numeri
2184 3873 2256 3938 Ae-

481 3977 588 4066 gyptii
609 3977 838 4066 expresserint
846 3973 911 4070 ⁴²).

633 4201 693 4280 tl]
714 4205 766 4263 Ad
793 4207 941 4266 eruendos
968 4205 1121 4268 literarum
1149 4209 1459 4288 hieroglyphicarum,
1485 4212 1695 4274 hieraticarnrn
1724 4220 1756 4276 et
1783 4217 1994 4278 demoticnrnm
2015 4231 2102 4276 sonos
2122 4215 2254 4273 maxime

482 4303 599 4362 iaciunt
619 4306 738 4362 nomine
758 4309 894 4381 propria3
916 4313 977 4365 tum
998 4309 1146 4367 vocabola
1168 4311 1373 4384 inscriptionis
1395 4314 1591 4390 Rosettauac,
1608 4319 1725 4376 tirason
1754 4321 1949 4378 translatione
1971 4325 2086 4394 auctae,
2107 4317 2255 4374 aliarum·-

481 4419 540 4477 que
560 4405 752 4479 hilingolnm3
780 4413 843 4466 tum
869 4409 931 4466 olio
957 4424 1074 4481 quoque
1096 4409 1209 4466 auxilia
1229 4413 1396 4472 utilissima
1444 4417 1568 4474 Scilicet
1594 4417 1737 4476 hahemus
1760 4419 1900 4479 llhrornm
1927 4423 2160 4479 llermeticorom
2181 4431 2258 4492 pcr-

480 4503 574 4561 multo
595 4505 740 4575 exemplo,
761 4509 897 4566 omnihus
918 4509 1036 4566 Moesis
1057 4511 1138 4587 Aeg.
1158 4515 1334 4596 communia,
1356 4531 1442 4590 quoe,
1463 4530 1637 4588 quamquam
1651 4519 1753 4577 eadem
1774 4518 1919 4578 vocabulo
1931 4519 2075 4594 deinceps
2093 4517 2257 4590 continent,

480 4603 610 4680 singulis
637 4603 732 4661 literis
759 4607 836 4665 iuter
863 4623 897 4664 se
925 4608 1105 4682 discrepant.
1153 4612 1237 4680 Quod
1265 4613 1366 4672 mirari
1387 4615 1548 4690 nonlicet,
1570 4633 1636 4676 enm
1663 4620 1845 4695 Aegyptiis,
1871 4634 1924 4692 pro
1952 4619 2104 4676 literarum
2132 4633 2255 4678 suarum

479 4702 671 4779 abundantia,
691 4705 816 4763 eundem
837 4706 988 4779 alphabeti
1009 4721 1114 4767 sonum
1129 4726 1206 4770 nunc
1226 4713 1284 4772 hoc
1304 4716 1393 4791 signo
1414 4715 1593 4796 exprimere,
1613 4733 1694 4778 nnnc
1714 4721 1783 4778 allis
1805 4718 1970 4794 exprimere
1983 4717 2115 4775 licuerit
2137 4719 2255 4788 onem·
2367 4779 2368 4788 ,

464 4819 634 4887 admodum
667 4835 739 4880 vero
767 4837 805 4878 ex
834 4825 950 4881 nomine
972 4825 1133 4886 Ptolemaei
1160 4832 1244 4889 varie
1270 4835 1379 4906 scripto
1406 4833 1559 4909 colligitur
1580 4847 1607 4890 c.
1634 4849 1667 4911 g.
1690 4795 1793 4916 d
1817 4832 1964 4907 laconale
1986 4843 2152 4910 esseO,
2172 4853 2253 4910 quo-
2367 4813 2368 4877 i

477 4921 557 4979 alem
587 4921 644 4980 hac
670 4921 780 4998 literae¹
807 4923 886 4981 inter
915 4941 949 4983 ae
965 4929 1181 5004 pocrmutaotury
1215 4933 1259 4990 ita
1295 4947 1413 5006 quoque
1439 4933 1585 4992 vocabola
1613 4935 1717 4994 eadem
1742 4937 1863 4994 diuerso
1890 4935 2002 5007 scripta
2035 4951 2252 5010 saepenumero

477 5021 628 5082 literarum
655 5022 823 5100 ignotarum
844 5041 934 5084 sonos
956 5026 1107 5100 explicant
1133 5035 1492 5102 personarumve
1520 5049 1578 5108 quo
1605 5038 1723 5112 quidem
1749 5037 1861 5097 anxilio
1889 5051 2057 5114 exegeseos
2087 5051 2165 5098 nouo
2192 5054 2252 5096 ac-
