4774 6104
1263 589 1507 667 ..54-

491 795 570 868 dine
591 789 754 864 classium.
797 785 845 858 nt
866 790 917 863 sic
936 791 971 860 in
990 789 1133 879 reliquis.
1176 789 1273 860 Licet
1292 792 1441 879 proiecto
1463 807 1634 883 quaerere,
1653 809 1712 862 cur
1731 796 1845 862 auctor
1865 789 2031 880 alphabeti
2051 794 2262 865 cuneolormis

493 915 556 984 has
576 913 692 980 literas
713 910 761 977 ita
782 909 958 997 disponere
980 909 1153 998 studuerit,
1172 915 1212 976 vt
1231 907 1317 978 adeo
1338 909 1516 998 singurlaris
1537 910 1676 978 oriretur
1695 908 1811 1000 ignom
1831 927 1918 997 quae
1945 910 2064 979 literae
2096 893 2163 994 ιξ
2196 909 2263 1002 [a]

493 1033 568 1100 sine
598 1014 663 1117 ξι
690 1025 759 1118 (r)
782 1033 993 1096 trausmmae
1012 1025 1127 1093 similis
1148 1026 1289 1095 videtur.
1312 1024 1399 1110 Quid
1420 1047 1500 1097 vero
1522 1025 1788 1117 respondeamus,
1808 1027 1983 1095 nescimus.
2034 1021 2136 1096 Certe
2158 1029 2265 1120 duret,

492 1150 609 1217 literas
630 1151 762 1214 nostras
784 1145 942 1213 contineri
964 1143 1122 1233 quadrato
1142 1152 1218 1213 octo
1239 1147 1387 1233 partibus
1409 1145 1507 1233 longo
1527 1145 1671 1232 latoque.
1713 1146 1816 1212 Porro
1838 1150 1940 1232 patet,
1950 1144 2053 1212 hocce
2074 1145 2262 1233 quadratum

493 1270 647 1336 constare
667 1267 732 1330 torn
752 1268 935 1351 systemate
956 1262 1087 1351 duplici,
1109 1271 1177 1331 tum
1199 1263 1346 1350 partibus
1367 1261 1493 1332 duabus
1514 1260 1750 1351 inaequalibus,
1770 1281 1904 1349 qnarom
1926 1263 2033 1330 altera
2057 1261 2108 1328 13
2137 1263 2265 1354 literas,

497 1383 604 1452 altera
626 1377 680 1448 33
703 1381 860 1449 eontinet.
904 1379 1055 1469 Denique
1076 1388 1225 1470 apparet,
1246 1387 1396 1470 systema
1415 1388 1588 1469 utrumque
1609 1377 1710 1446 diuidi
1731 1384 1802 1448 tres
1822 1379 1856 1447 in
1878 1379 2022 1466 ordines,
2042 1399 2180 1467 qnorum
2201 1388 2265 1469 pri-

492 1497 1136 1588 mossinlstroiuporaocontioet12
1165 1501 1298 1589 literas,
1326 1499 1490 1566 secundus
1518 1495 1565 1587 8,
1591 1499 1708 1568 tertius
1738 1493 1775 1562 3.
1839 1495 1894 1565 nn
1915 1517 2067 1567 numeros
2092 1498 2266 1568 Persarum

492 1624 643 1686 veterum
663 1623 801 1686 sanctos
828 1634 869 1684 ao
897 1615 1038 1707 diuinos,
1065 1617 1131 1704 qni,
1158 1637 1230 1692 cum
1257 1617 1591 1705 comprehendantur,
1612 1635 1777 1684 numerum
1797 1615 1968 1698 ,tinearum
1996 1616 2198 1705 antiquarum
2225 1617 2266 1684 ab

492 1743 562 1802 tto
582 1755 689 1824 voque
709 1736 798 1804 adil
827 1759 846 1800 τ
874 1739 909 1800 et
936 1735 972 1800 V
998 1757 1020 1800 o
1047 1732 1223 1821 exhibent,
1250 1755 1415 1804 numerum
1437 1734 1511 1803 dico
1533 1732 1597 1803 33.
1653 1734 1693 1800 In
1715 1753 1778 1822 quo
1799 1734 1864 1800 iam
1891 1733 2118 1802 subsistamus
2172 1735 2265 1804 Nunc

492 1854 579 1928 euim
601 1872 683 1947 opus
703 1853 768 1922 erit
789 1857 904 1920 nostra
925 1869 996 1920 cum
1016 1851 1184 1922 literarum
1205 1854 1295 1922 serie
1317 1853 1437 1924 seriem
1458 1853 1624 1922 literarum
1645 1851 1921 1938 Neopersicamm
1942 1867 2145 1940 comparare.

575 2079 613 2159 s.
638 2071 679 2148 2.
731 2071 858 2151 Series
882 2074 1076 2150 ιὶιιιαιιιιιι
1101 2076 1392 2176 οιιιιιιῙυιιιιὶιιιιι
1416 2074 1476 2151 3⁶
1500 2081 1718 2174 cmmoda
1743 2095 1830 2148 comx
1852 2068 2093 2170 Neopersicia
2117 2073 2186 2149 36.

647 2239 863 2329 Alphnbetum
885 2243 1121 2330 Neopersicum
1142 2262 1256 2329 parum
1277 2243 1408 2311 differre
1436 2243 1478 2310 ab
1507 2239 1668 2326 Arabico,
1695 2259 1791 2308 nemo
1818 2239 1938 2307 nescit.
1990 2238 2099 2324 Quare
2119 2239 2264 2332 eredunt,

492 2357 561 2447 alii,
581 2357 697 2426 literas
718 2358 878 2426 Persicas
899 2379 944 2426 ex
965 2359 1087 2426 Arabia
1108 2360 1290 2450 prodiisse,
1312 2361 1388 2450 aiii,
1419 2359 1587 2426 historicis
1613 2357 1816 2444 argumentis
1838 2357 1928 2448 freti,
1949 2356 2113 2444 alphabeti
2134 2358 2264 2427 Arabici

492 2476 630 2562 patriam
652 2493 730 2542 esse
756 2471 908 2565 Syriam,
932 2495 1016 2564 quae
1044 2479 1222 2566 antiquitus
1249 2485 1398 2547 veterem
1429 2475 1605 2543 Persarum
1632 2477 1842 2564 scripturam,
1870 2475 1991 2564 quippe
2020 2473 2204 2543 l’ehlnieam
2229 2477 2262 2544 in

492 2595 558 2662 veh
578 2593 698 2660 hahuit
739 2591 822 2658 Vtut
843 2592 897 2674 sit,
918 2595 1066 2682 seqnitur
1087 2613 1107 2662 e
1129 2596 1292 2684 scriptura
1314 2593 1522 2682 coueoiormi,
1542 2593 1669 2661 Persas
1689 2593 1868 2680 antiquitus
1888 2591 1995 2660 literis
2028 2589 2081 2658 36
2111 2593 2261 2662 orationis
2382 2615 2383 2622 ¹

493 2729 575 2778 suae
596 2731 699 2778 sonos
720 2709 924 2799 distinxisse,
946 2717 1024 2798 quot
1044 2720 1122 2780 sunt
1143 2713 1259 2781 literae
1280 2712 1515 2799 Neopersicae.
1580 2709 1685 2792 Quam
1706 2711 1748 2777 ob
1769 2729 1901 2778 causam
1923 2709 2074 2780 dubitare
2093 2731 2158 2780 non
2177 2711 2261 2800 licet,

494 2831 641 2916 quamuis
660 2829 787 2894 literam
809 2828 1047 2917 Neopersicum
1076 2830 1282 2898 cuncoiormi'
1299 2829 1426 2897 cuidam
1451 2827 1663 2918 respondere.
1729 2811 1887 2916 'Apprime
1908 2827 1971 2894 huc
1992 2828 2088 2919 lacit,
2109 2829 2193 2918 qnod
2213 2829 2263 2897 al·

491 2944 669 3033 phabetum
690 2946 924 3032 Neopersicum
946 2946 1080 3015 vberius
1101 2953 1156 3015 est
1176 2947 1336 3036 Arabico,
1357 2966 1402 3016 ex
1423 2965 1486 3035 quo
1508 2945 1680 3035 colligitur,
1695 2945 1822 3014 Persas
1842 2945 1885 3015 de
1900 2945 2035 3014 consilio
2056 2947 2260 3033 alphabetum

494 3063 670 3130 Arabicum
691 3063 797 3130 literis
819 3063 943 3150 aliquot
963 3064 1108 3156 auxisse,
1128 3071 1168 3132 vt
1188 3064 1323 3134 totidem
1345 3084 1448 3132 nonas
1470 3063 1631 3132 haberent
1651 3063 1767 3132 literas
1788 3067 1867 3150 quot
1887 3064 2046 3151 antiquas.
2091 3068 2159 3130 lam
2179 3083 2261 3131 vero
2385 3145 2386 3170 Χ

491 3185 634 3270 constat,
654 3181 771 3248 literas
791 3181 1016 3269 Neopersicas
1038 3185 1137 3253 etiam
1158 3203 1218 3272 pro
1239 3183 1382 3252 numeris
1404 3181 1562 3250 adhiberi.
1628 3178 1738 3265 Quare
1760 3179 1939 3270 iacilecrit,
1960 3180 2078 3250 seriem
2096 3180 2263 3250 literarum
2385 3179 2386 3184 ’

492 3297 579 3386 apud
599 3298 726 3366 Persas
747 3302 962 3368 recentiorem
984 3321 1056 3368 oum
1077 3302 1258 3390 antiquiore
1279 3302 1436 3390 ipsorum,
1455 3299 1602 3366 nimirum
1616 3297 1813 3366 cuneolormi
1827 3316 2026 3385 comparare
2060 3298 2152 3366 Ante
2164 3299 2265 3367 omnia

493 3414 683 3503 tenendum,
709 3415 917 3499 alphabetum
943 3418 1182 3504 Neopersicum
1203 3419 1379 3486 conuenire
1400 3416 1507 3484 literis
1529 3414 1581 3485 22
1604 3417 1660 3487 vel
1682 3415 1734 3485 aa
1757 3415 1931 3484 Hebraicis
1955 3417 2110 3505 antiquis.
2133 3417 2264 3485 Literae

493 3531 579 3600 enirn
602 3529 826 3614 Neopersioae
849 3529 901 3596 23
924 3533 1048 3617 primae
1069 3529 1270 3618 respondent
1291 3531 1465 3599 Hebraicis
1486 3553 1552 3601 nou
1573 3536 1675 3602 solum
1697 3533 1963 3621 pronunciatione
1977 3540 2079 3622 atque
2111 3534 2267 3603 numerali

493 3647 619 3733 valore,
640 3642 701 3711 sed
722 3645 821 3712 etiarn
842 3646 955 3730 figura.
997 3644 1054 3713 Ex
1077 3667 1139 3734 quo
1160 3652 1264 3738 patet,
1284 3648 1490 3736 alphabetum
1511 3653 1749 3738 Neopersicum
1775 3649 1900 3718 duabus
1926 3653 2074 3738 partibus
2104 3661 2267 3740 constare,

493 3764 599 3832 literis
619 3761 749 3849 inquam
771 3758 823 3828 23
845 3763 999 3849 genuinis
1019 3765 1256 3854 Hebraeorum,
1276 3764 1488 3856 Graecorum,
1511 3767 1701 3835 Latinorum
1722 3767 1921 3855 aliorumque
1942 3769 1984 3836 ab
2009 3776 2033 3833 rt
2058 3791 2083 3835 o
2108 3789 2133 3834 a
2162 3789 2268 3859 vsqne

493 3881 537 3951 ad
565 3887 589 3946 lb
611 3904 642 3965 r,
662 3903 682 3945 o
703 3897 723 3944 o
744 3877 1006 3973 procedentibus,
1019 3887 1118 3972 atque
1136 3883 1241 3951 literis
1263 3881 1309 3950 13
1331 3883 1614 3977 diceriticis,qnae
1636 3886 1766 3954 nonnisi
1787 3886 1916 3974 punctis
1938 3886 2090 3956 dideruut
2106 3906 2134 3954 a
2147 3889 2270 3974 geoni-

493 3999 564 4089 nis,
598 3996 703 4066 veluti
747 4015 786 4090 ῳ
806 4007 827 4054 a
846 4017 897 4086 ῳ.
941 3998 1057 4087 itaque
1080 4000 1238 4070 habemus
1259 4001 1418 4090 duplicem
1437 4001 1604 4072 literarum
1625 4002 1900 4093 Neopersioemm
1920 4005 2053 4094 seriem,
2072 4023 2154 4094 quae
2177 4025 2273 4076 com·

493 4123 628 4204 paretur
648 4133 720 4182 cnm
741 4114 912 4203 alphabeto
934 4116 1097 4187 Hebraico
1119 4119 1247 4207 ipsique
1268 4119 1430 4188 adiuibns.

594 4263 828 4336 Hebraicarum
1102 4270 1136 4334 N
1137 4270 1375 4357 supersicarum
1396 4268 1425 4338 l.
1762 4272 2036 4362 Neopersicamm
2056 4273 2103 4340 11.

576 4386 611 4431 ἰι
681 4369 866 4477 mmor
917 4368 931 4450 ΙΙ
963 4474 991 4479 ἡ
1007 4389 1103 4479 rura
1118 4476 1121 4479 ¹
1137 4476 1150 4479 ι
1193 4371 1317 4479 ιιι
1414 4370 1607 4454 ronunciat.l
1677 4371 1715 4455 fi;
1742 4394 1780 4440 ra
1899 4373 1992 4440 valor
2036 4375 2276 4481 ψιιοιιιιιιιί.

545 4525 570 4582 a
759 4516 779 4583 ι
1214 4476 2237 4610 r'*”p1a*aa.'“-a“

547 4677 568 4732 ³
757 4665 782 4736 2
1008 4691 1048 4760 ψ
1213 4671 1238 4754 l
1433 4673 1454 4740 b
1676 4694 1716 4766 e
1886 4705 1928 4721 -
2106 4690 2128 4757 ι

1887 4785 1927 4854 -'·
2107 4805 2182 4874 tsch

545 4877 559 4934 t
756 4867 783 4936 3
1002 4885 1040 4972 Ε
1212 4811 1237 4938 3
1432 4872 1514 4942 dseb
1675 4819 1719 5050 ἓ
