4774 6104
1255 553 1511 632 ..50-

496 755 546 852 3)
568 755 673 843 Quum
684 757 813 829 classes
834 758 885 828 sic
906 777 947 828 se
967 756 1152 846 excipiant:
1174 740 1385 846 1.›‚11.i,
1411 755 1474 825 ill.
1499 739 1618 839 <,1v.
1645 737 1708 838 ἷξε
1734 753 1991 824 combinationes
2018 753 2117 823 cunei
2138 773 2181 816 ν
2203 774 2276 825 cum

578 875 778 966 'praeferri
800 876 924 945 debent
945 876 1087 964 reliquis.
1130 873 1186 944 lix
1207 879 1281 944 arte
1301 873 1389 944 euim
1410 873 1641 943 combinatoria
1660 892 1784 942 cuneos
1815 872 1937 962 primus
1956 900 2000 943 μ
2020 873 2171 961 proxime
2190 891 2275 944 con·

579 994 723 1080 iungitur
743 1012 814 1061 cum
834 994 979 1062 secundo
1000 993 1034 1080 ip
1056 991 1132 1059 binc
1153 1011 1223 1060 cum
1245 991 1345 1060 tertio
1365 977 1411 1076 d,
1441 989 1612 1059 exhaustis
1637 989 1925 1059 combinatiouibus
1947 1020 1990 1060 μ
2011 995 2047 1058 et
2067 989 2095 1076 i.
2158 989 2277 1080 ltaque

581 1115 658 1199 post
684 1100 782 1187 >m
804 1109 882 1196 poni
902 1108 1000 1176 debet
1016 1093 1112 1198 Μ,
1139 1113 1216 1196 post
1245 1093 1310 1192 i«
1347 1127 1428 1176 vero
1464 1090 1550 1196 ΥΕ,
1582 1112 1659 1194 post
1690 1090 1759 1194 {ss
1788 1106 1917 1196 quidem
1946 1093 2061 1192 (Νι
2134 1103 2274 1178 annno

433 1291 440 1306 ,
581 1227 666 1295 euim
690 1227 785 1293 cunei
807 1225 930 1294 diuersi
950 1225 1110 1315 deinceps
1132 1226 1353 1295 combinantur
1372 1243 1444 1293 cum
1466 1223 1579 1291 mancis
1599 1225 1748 1312 proxime
1769 1225 1943 1312 sequentis
1963 1223 2094 1294 classis.

496 1339 547 1437 4)
567 1343 630 1413 Sin
653 1340 743 1411 desit
763 1344 850 1411 iuter
870 1344 986 1411 literas
1007 1341 1060 1411 ao
1082 1351 1215 1412 nostras
1235 1342 1432 1412 combinatio
1453 1341 1606 1410 classium
1627 1342 1786 1431 quaedam
1807 1319 2032 1430 post'literam
2065 1348 2189 1412 ceriam
2213 1363 2274 1432 po-

580 1461 701 1550 nenda,
725 1465 878 1528 transeas
900 1457 944 1528 ad
965 1460 1234 1529 combinationem
1254 1461 1446 1548 proximam.
1495 1456 1555 1526 Sic
1582 1465 1659 1546 post
1684 1460 1748 1546 >i
1767 1465 1804 1527 et
1823 1445 1898 1544 >d
1938 1466 2133 1548 expectatur
2160 1457 2273 1552 t»,

470 1565 473 1580 '
581 1599 645 1668 qua
666 1576 904 1646 combinatione
930 1577 1028 1665 plane
1055 1584 1148 1647 earet
1173 1579 1336 1667 scriptura
1356 1574 1571 1646 cuucoiormis
1591 1575 1779 1644 Persarum.
1809 1577 1986 1665 Hiucergo
2000 1579 2274 1649 transeunduma

579 1679 695 1783 ><Ε
733 1684 776 1752 od
812 1683 934 1783 tm,
956 1695 1031 1784 quia
1050 1695 1146 1764 t>
1173 1694 1368 1764 combinatio
1389 1695 1475 1764 iuter
1494 1697 1668 1784 vitamque
1687 1693 1796 1764 media
1816 1694 1925 1764 deest
1968 1695 2053 1764 lien
2074 1703 2152 1785 post
2179 1684 2270 1782 ⁵«

579 1811 776 1884 sumendum
805 1793 882 1895 ξῖ,
904 1809 1052 1900 quonium
1065 1817 1180 1881 auctor
1199 1811 1295 1882 buius
1316 1811 1484 1900 alphabeti
1505 1813 1774 1883 combinationem
1792 1813 1916 1902 punse
1935 1811 2055 1882 classis
2076 1833 2150 1884 cum
2170 1817 2272 1904 prima

581 1930 739 2017 neglexit

497 2043 547 2142 b)
568 2048 624 2116 lie
651 2053 770 2135 quarto
796 2046 906 2115 classe
927 2029 991 2128 ῗξ,
1014 2063 1098 2134 quae
1118 2045 1243 2136 itidem,
1267 2052 1411 2137 excepta
1430 2030 1593 2136 literali,
1616 2047 1730 2116 cuneis
1750 2051 1876 2118 mutum
1902 2046 2069 2118 secundae
2096 2053 2133 2120 ei
2154 2050 2271 2118 tertiae

581 2165 700 2234 classis
721 2164 932 2253 combinatur,
953 2162 1090 2232 eaedem
1117 2163 1233 2232 valent
1253 2163 1361 2250 leges.

647 2281 813 2350 Vniuerse
834 2280 964 2369 quidem
984 2281 1019 2349 iu
1045 2281 1336 2351 combinationibns
1357 2281 1480 2350 uostris
1502 2282 1680 2372 procedere
1704 2288 1872 2372 oporteia
1896 2283 2033 2372 simplici
2052 2302 2093 2352 ac
2113 2284 2204 2354 sacili
2230 2285 2271 2354 ad
2376 2337 2377 2344 κ

495 2399 629 2470 didioile
652 2405 752 2488 atquc
773 2399 993 2486 compositum.
1036 2399 1113 2468 liae
1133 2404 1212 2467 suut
1232 2397 1338 2488 leges,
1359 2417 1403 2466 cx
1424 2402 1540 2488 quibus
1566 2402 1686 2470 literae
1713 2401 1939 2470 cuneoiormes
1964 2407 2095 2472 nostrae
2115 2404 2272 2472 contiuua

500 2519 590 2586 seria
610 2515 795 2585 enumerari
814 2533 958 2603 suosque
978 2517 1013 2582 iu
1034 2517 1168 2586 ordines
1189 2515 1291 2585 diuidi
1311 2523 1444 2608 queunt,
1464 2521 1514 2588 vti
1534 2537 1680 2606 sequens
1701 2519 1811 2588 tabula
1832 2517 1939 2590 docet.

690 2994 695 3006 ⁸
765 2887 827 2985 itt
986 2883 1056 2993 aa
1206 2895 1276 2990 ii-
1662 2844 2016 2986 itt-Wm
2122 2895 2174 2998 ἃ

779 3000 1054 3071 ora
1221 3001 1274 3072 ro
1472 3001 1523 3073 ar
1693 3006 1749 3078 aa
1917 3007 1971 3078 ar
2133 3011 2182 3077 er

766 3121 807 3220 it
984 3123 1067 3222 <=<
1203 3119 1255 3228 ab
1900 3127 1984 3228 «a
2111 3140 2152 3232 ti

781 3237 833 3304 ro
1002 3237 1052 3306 to
1219 3237 1272 3309 2⁰
1923 3243 1977 3314 88
2132 3245 2187 3315 aa

766 3356 831 3538 o
983 3357 1078 3538 e*

547 2719 661 2788 a>
752 2668 851 2797 rui
923 2663 1074 2814 int<
1175 2671 1320 2792 1νῶ
1462 2720 1578 2789 u>
1666 2671 1767 2800 ni
1839 2663 1996 2814 ltu<
2092 2671 2237 2793 aa}

642 4867 713 4936 laur
733 4865 1018 4936 demonstrandum
1039 4874 1104 4958 est,
1123 4871 1186 4941 bac
1204 4873 1240 4942 in
1261 4875 1371 4945 tabula
1391 4877 1509 4946 nullam
1527 4879 1654 4952 literam
1664 4885 1729 4955 alio
1739 4885 1812 4954 loco
1827 4891 1919 4956 recte
1933 4887 2010 4976 poni
2023 4906 2133 4976 posse.
2156 4885 2262 4954 l'rirao

492 4985 619 5073 quidem
640 5003 834 5073 quaeramus
855 4983 948 5054 buius
969 4986 1133 5076 alphabeti
1153 4991 1299 5083 irritium,
1323 4993 1451 5064 literam
1477 4995 1613 5070 dicimus
1640 5005 1765 5091 primae
1796 5003 1917 5074 classis
1945 5006 2094 5094 primm,
2114 5003 2262 5074 niuu'rum
